% This BibTeX bibliography file was created using BibDesk.
%% http://bibdesk.sourceforge.net/


%% Created for Edo Airoldi at 2007-02-02 15:02:49 -0500 


%% Saved with string encoding Western (ASCII)
@article{ganchev:10,
author = {K. Ganchev and J. Graca and J. Gillenwater and B. Taskar},
title = {Posterior Regularization for Structured Latent Variable Models},
journal = {Journal of Machine Learning Research},
volume = {11},
pages = {2001--2049},
year = {2010}
}
@inproceedings{HalpernSontag_uai13,
author = {Yoni Halpern and David Sontag},
title = {Unsupervised Learning of Noisy-Or {B}ayesian Networks},
booktitle = {Proceedings of the Twenty-Ninth Conference on Uncertainty in Artificial Intelligence
({UAI}-13)},
publisher = {AUAI Press},
address = {Corvallis, Oregon},
pages = {272--281},
year = {2013}
}
@inproceedings{mooij:09,
title={Regression by dependence minimization and its application to
causal inference in additive noise models},
author={J. Mooij and D. Janzing and J. Peters and B. Scholkopf},
booktitle={Proceedings of the 26th Annual International Conference on Machine Learning},
pages={745--752},
year={2009}
}
@book{bollen:93,
author = {K. Bollen and J. Long (eds.)},
title = {Testing Structural Equation Models},
publisher = {SAGE Publications},
year = {1993}
}
@inproceedings{hardt2016equality,
  title={Equality of opportunity in supervised learning},
  author={Hardt, Moritz and Price, Eric and Srebro, Nati and others},
  booktitle={Advances in Neural Information Processing Systems},
  pages={3315--3323},
  year={2016}
}
@inproceedings{dwork2012fairness,
  title={Fairness through awareness},
  author={Dwork, Cynthia and Hardt, Moritz and Pitassi, Toniann and Reingold, Omer and Zemel, Richard},
  booktitle={Proceedings of the 3rd Innovations in Theoretical Computer Science Conference},
  pages={214--226},
  year={2012},
  organization={ACM}
}
@article{joseph2016rawlsian,
  title={Rawlsian fairness for machine learning},
  author={Joseph, Matthew and Kearns, Michael and Morgenstern, Jamie and Neel, Seth and Roth, Aaron},
  journal={arXiv preprint arXiv:1610.09559},
  year={2016}
}
@inproceedings{kamishima2011fairness,
  title={Fairness-aware learning through regularization approach},
  author={Kamishima, Toshihiro and Akaho, Shotaro and Sakuma, Jun},
  booktitle={Data Mining Workshops (ICDMW), 2011 IEEE 11th International Conference on},
  pages={643--650},
  year={2011},
  organization={IEEE}
}
@article{zliobaite2015survey,
  title={A survey on measuring indirect discrimination in machine learning},
  author={Zliobaite, Indre},
  journal={arXiv preprint arXiv:1511.00148},
  year={2015}
}
@article{zafar2016fairness,
  title={Fairness Beyond Disparate Treatment \& Disparate Impact: Learning Classification without Disparate Mistreatment},
  author={Zafar, Muhammad Bilal and Valera, Isabel and Rodriguez, Manuel Gomez and Gummadi, Krishna P},
  journal={arXiv preprint arXiv:1610.08452},
  year={2016}
}
@article{zafar2015learning,
  title={Learning fair classifiers},
  author={Zafar, Muhammad Bilal and Valera, Isabel and Rodriguez, Manuel Gomez and Gummadi, Krishna P},
  journal={arXiv preprint arXiv:1507.05259},
  year={2015}
}
@article{grgiccase,
  title={The Case for Process Fairness in Learning: Feature Selection for Fair Decision Making},
  author={Grgic-Hlaca, Nina and Zafar, Muhammad Bilal and Gummadi, Krishna P and Weller, Adrian},
  year=2016,
    journal={NIPS Symposium on Machine Learning and the Law}
}
@article{wightman1998lsac,
  title={LSAC National Longitudinal Bar Passage Study. LSAC Research Report Series.},
  author={Wightman, Linda F},
  year={1998},
  publisher={ERIC}
}
@article{kleinberg2016inherent,
  title={Inherent trade-offs in the fair determination of risk scores},
  author={Kleinberg, Jon and Mullainathan, Sendhil and Raghavan, Manish},
  journal={arXiv preprint arXiv:1609.05807},
  year={2016}
}
@article{calders2010three,
  title={Three naive Bayes approaches for discrimination-free classification},
  author={Calders, Toon and Verwer, Sicco},
  journal={Data Mining and Knowledge Discovery},
  volume={21},
  number={2},
  pages={277--292},
  year={2010},
  publisher={Springer}
}
@article{kamiran2012data,
  title={Data preprocessing techniques for classification without discrimination},
  author={Kamiran, Faisal and Calders, Toon},
  journal={Knowledge and Information Systems},
  volume={33},
  number={1},
  pages={1--33},
  year={2012},
  publisher={Springer}
}
@inproceedings{bolukbasi2016man,
  title={Man is to computer programmer as woman is to homemaker? debiasing word embeddings},
  author={Bolukbasi, Tolga and Chang, Kai-Wei and Zou, James Y and Saligrama, Venkatesh and Kalai, Adam T},
  booktitle={Advances in Neural Information Processing Systems},
  pages={4349--4357},
  year={2016}
}
@inproceedings{kamiran2009classifying,
  title={Classifying without discriminating},
  author={Kamiran, Faisal and Calders, Toon},
  booktitle={Computer, Control and Communication, 2009. IC4 2009. 2nd International Conference on},
  pages={1--6},
  year={2009},
  organization={IEEE}
}
@article{zemel2013learning,
  title={Learning Fair Representations.},
  author={Zemel, Richard S and Wu, Yu and Swersky, Kevin and Pitassi, Toniann and Dwork, Cynthia},
  journal={ICML (3)},
  volume={28},
  pages={325--333},
  year={2013}
}
@article{louizos2015variational,
  title={The variational fair autoencoder},
  author={Louizos, Christos and Swersky, Kevin and Li, Yujia and Welling, Max and Zemel, Richard},
  journal={arXiv preprint arXiv:1511.00830},
  year={2015}
}
@article{kidder2000portia,
  title={Portia denied: unmasking gender bias on the LSAT and its relationship to racial diversity in legal education},
  author={Kidder, William C},
  journal={Yale JL \& Feminism},
  volume={12},
  pages={1},
  year={2000},
  publisher={HeinOnline}
}

@article{kane1998racial,
  title={Racial and ethnic preferences in college admissions},
  author={Kane, Thomas J},
  journal={Ohio St. LJ},
  volume={59},
  pages={971},
  year={1998},
  publisher={HeinOnline}
}

@article{Vale:Pazo:2002,
	Author = {A. Valencia and F. Pazos},
	Date-Added = {2007-02-02 15:01:13 -0500},
	Date-Modified = {2007-02-02 15:01:13 -0500},
	Journal = {Current Opinions in Structural Biology},
	Number = {3},
	Pages = {368--373},
	Title = {Computational methods for the prediction of protein interactions},
	Volume = {12},
	Year = {2002}}

@article{Bade:2003,
	Author = {J.~S. Bader},
	Date-Added = {2007-02-02 14:59:40 -0500},
	Date-Modified = {2007-02-02 14:59:40 -0500},
	Journal = {Bioinformatics},
	Pages = {1869--1874},
	Title = {Greedily building protein networks with confidence},
	Volume = {19},
	Year = {2003}}

@article{Nabi:Jim:Agar:Chaz:2005,
	Author = {E. Nabieva and K. Jim and A. Agarwal and B. Chazelle and Mona Singh},
	Date-Added = {2007-02-02 14:58:13 -0500},
	Date-Modified = {2007-02-02 14:58:13 -0500},
	Journal = {Bioinformatics},
	Number = {Suppl 1},
	Pages = {i302--i310},
	Title = {Whole-proteome prediction of protein function via graph-theoretic analysis of interaction maps},
	Volume = {21},
	Year = {2005}}

@article{attias:99,
	Author = {H. Attias},
	Journal = {Neural Computation},
	Pages = {803--851},
	Title = {Independent factor analysis},
	Volume = {11},
	Year = {1999}
}

@article{bach:03,
	Author = {F. Bach and M. Jordan},
	Journal = {Journal of Machine Learning Research},
	Pages = {1205--1233},
	Title = {Beyond independent components: trees and clusters},
	Volume = {4},
	Year = {2003}}

@article{bach:02,
	Author = {F. Bach and M. Jordan},
	Journal = {Neural Information Processing Systems},
	Title = {Learning graphical models with {M}ercer kernels},
	Year = {2002}}

@book{bart:99,
	Author = {D. Bartholomew and M. Knott},
	Publisher = {Arnold Publishers},
	Title = {Latent {V}ariable {M}odels and {F}actor {A}nalysis},
	Year = {1999}}

@book{bart:02,
	Author = {D. Bartholomew and F. Steele and I. Moustaki and J. Galbraith},
	Publisher = {Arnold Publishers},
	Title = {The {A}nalysis and {I}nterpretation of {M}ultivariate {D}ata for {S}ocial {S}cientists},
	Year = {2002}}

@article{beal:03,
	Author = {M. Beal and Z. Ghahramani},
	Journal = {Bayesian Statistics},
	Title = {The Variational Bayesian EM Algorithm for Incomplete Data: with Application to Scoring Graphical Model Structures},
	Volume = {7},
	Year = {2003}}

@article{bis:98,
	Author = {C. Bishop},
	Journal = {In M. Jordan (editor), Learning in {G}raphical {M}odels},
	Publisher = {MIT Press},
	Title = {Latent variable models},
	Pages = {371--403},
	Year = {1998}	
}

@book{bol:89,
	Author = {K. Bollen},
	Publisher = {John Wiley \& Sons},
	Title = {Structural {E}quations with {L}atent {V}ariables},
	Year = {1989}}

@article{bol:90,
	Author = {K. Bollen},
	Journal = {Sociological Methods and Research},
	Pages = {80--92},
	Title = {Outlier screening and a distribution-free test for vanishing tetrads},
	Volume = {19},
	Year = {1990}}

@article{bron:73,
	Author = {C. Bron and J. Kerbosch},
	Journal = {Communications of ACM},
	Pages = {575--577},
	Title = {Algorithm 457: Finding all cliques of an undirected graph},
	Volume = {16},
	Year = {1973}}

@article{bol:93,
	Author = {K. Bollen and K. Ting},
	Journal = {Sociological Methodology},
	Pages = {147--176},
	Title = {Confirmatory tetrad analysis},
	Year = {1993}}

@book{carroll:95,
	Author = {R. Carroll and D. Ruppert and L. Stefanski},
	Publisher = {Chapman \& Hall},
	Title = {Measurement {E}rror in {N}onlinear {M}odels},
	Year = {1995}}

@article{chick:02,
	Author = {D. Chickering},
	Journal = {Journal of Machine Learning Research},
	Pages = {507-554},
	Title = {Optimal Structure Identification with Greedy Search},
	Volume = 3,
	Year = 2002}

@article{el:00,
	Author = {G. Elidan and N. Lotner and N. Friedman and D. Koller},
	Journal = {Neural Information Processing Systems},
	Pages = {479--485},
	Title = {Discovering hidden variables: a structure-based approach},
	Volume = {13},
	Year = {2000}}

@article{fri:98,
	Author = {N. Friedman},
	Journal = {Proceedings of 14th Conference on Uncertainty in Artificial Intelligence (UAI '98)},
	Title = {The {B}ayesian Structural {EM} Algorithm},
	Year = {1998}}

@article{gha:99,
	Author = {Z. Ghahramani and M. Beal},
	Journal = {Advances in Neural Information Processing Systems},
	Title = {Variational Inference for {B}ayesian Mixture of Factor Analysers},
	Volume = {12},
	Year = {1999}}

@article{gha:96,
	Author = {Z. Ghahramani and G. Hinton},
	Journal = {Technical Report CRG-TR-96-1. Department of Computer Science, University of Toronto.},
	Title = {The {EM} algorithm for the mixture of factor analyzers},
	Year = {1996}}

@book{gly:87,
	Author = {C. Glymour and Richard Scheines and Peter Spirtes and Kevin Kelly},
	Publisher = {Academic Press},
	Title = {Discovering {C}ausal {S}tructure: {A}rtificial {I}ntelligence, {P}hilosophy of {S}cience, and {S}tatistical {M}odeling},
	Year = {1987}}

@article{heck:95,
	Author = {D. Heckerman},
	Journal = {Proceedings of 11th Conference on Uncertainty in Artificial Intelligence},
	Pages = {285--295},
	Title = {A {B}ayesian approach to learning causal networks},
	Year = {1995}}

@article{heck:95a,
	Author = {D. Heckerman},
	Journal = {Learning in Graphical Models},
	Pages = {301--354},
	Publisher = {MIT Press},
	Title = {A tutorial on learning with {B}ayesian networks},
	Year = {1998}}

@article{hof:01,
	Author = {T. Hofmann},
	Journal = {Machine Learning},
	Pages = {177--196},
	Title = {Unsupervised learning by probabilistic semantic analysis},
	Volume = {42},
	Year = {2001}}

@book{joh:02,
	Author = {R. Johnson and D. Wichern},
	Publisher = {Prentice Hall},
	Title = {Applied {M}ultivariate {S}tatistical {A}nalysis},
	Year = {2002}}

@book{jor:98,
	Author = {M. Jordan},
	Publisher = {MIT Press},
	Title = {Learning in {G}raphical {M}odels},
	Year = {1998}}

@book{klee:96,
	Author = {R. Klee},
	Publisher = {Oxford University Press},
	Title = {Introduction to the {P}hilosophy of {S}cience: {C}utting {N}ature at its {S}eams},
	Year = {1996}}

@book{lohelin:04,
	Author = {J. Loehlin},
	Publisher = {Lawrence Erlbaum},
	Title = {Latent {V}ariable {M}odels: {A}n {I}ntroduction to {F}actor, {P}ath and {S}tructural {E}quation {A}nalysis},
	Year = {2004}}

@book{mali:02,
	Author = {E. Malinowski},
	Publisher = {John Wiley \& Sons},
	Title = {Factor {A}nalysis in {C}hemistry},
	Year = {2002}}

@article{nach:04,
	Author = {N. Nachman and G. Elidan and N. Friedman},
	Journal = {Proceedings of the 20th Conference on Uncertainty in Artificial Intelligence},
	Title = {``Ideal parent'' structure learning for continuous variable networks},
	Year = {2004}}

@book{pearl:88,
	Author = {J. Pearl},
	Publisher = {Morgan Kaufmann},
	Title = {Probabilistic {R}easoning in {E}xpert {S}ystems: {N}etworks of {P}lausible {I}nference},
	Year = {1988}}

@book{pearl:00,
	Author = {J. Pearl},
	Publisher = {Cambridge University Press},
	Title = {Causality: {M}odels, {R}easoning and {I}nference},
	Year = {2000}}

@article{segal:03,
	Author = {E. Segal and M. Shapira and A. Regev and D. Pe'er and D. Botstein and D. Koller and N. Friedman},
	Journal = {Nature Genetics},
	Pages = {166--176},
	Title = {Module Networks: Identifying Regulatory Modules and their Condition Specific Regulators from Gene Expression Data},
	Volume = {34},
	Year = {2003}}

@article{shafer:93,
	Author = {G. Shafer and A. Kogan and P.Spirtes},
	Journal = {DIMACS Technical Report},
	Title = {Generalization of the Tetrad Representation Theorem},
	Year = {1993}}

@article{silva:03,
	Author = {R. Silva and R. Scheines and C. Glymour and P. Spirtes},
	Journal = {Proceedings of 19th Conference on Uncertainty in Artificial Intelligence},
	Pages = {543-550},
	Title = {Learning measurement models for unobserved variables},
	Year = {2003}}

@article{sil:04,
	Author = {R. Silva and R. Scheines},
	Journal = {Technical Report CMU-CALD-04-101, Carnegie Mellon University},
	Title = {Generalized measurement models},
	Year = {2004}}

@article{sil:05,
	Author = {R. Silva and R. Scheines and C. Glymour and P. Spirtes},
	Journal = {Submitted (http://www.cs.cmu.edu/$\sim$rbas)},
	Title = {Learning the Structure of Linear Latent Variable Models},
	Year = {2005}}

@book{sgs:00,
	Author = {P. Spirtes and C. Glymour and R. Scheines},
	Publisher = {Cambridge University Press},
	Title = {Causation, {P}rediction and {S}earch},
	Year = {2000}}

@article{tian:02,
	Author = {J. Tian and J. Pearl},
	Journal = {Proceedings of the 18th Conference on Uncertainty in Artificial Intelligence},
	Title = {On the testable implications of causal models with hidden variables},
	Year = {2002}}

@article{fa-fast:00,
	Author = {Y. Kano and A. Harada},
	Journal = {Psychometrika},
	Pages = {7--22},
	Title = {Stepwise variable selection in factor analysis},
	Volume = {65},
	Year = {2000}}

@article{zhang:04,
	Author = {N. Zhang},
	Journal = {Journal of Machine Learning Research},
	Pages = {697--723},
	Title = {Hierarchical latent class models for cluster analysis},
	Volume = {5},
	Year = {2004}}

@article{drton:05,
	Author = {M. Drton and M. Pearlman},
	Journal = {Statistical Science},
	Title = {A {SIN}ful approach for {G}aussian graphical model selection},
	Volume = {to appear},
	Year = {2005}}

@article{beal:03a,
	Author = {M. Beal},
	Journal = {PhD. Thesis, Gatsby Computational Neuroscience Unit, University College London},
	Title = {Variational Algorithms for Approximate {B}ayesian Inference},
	Year = {2003}}

@article{richardson:02,
	Author = {T. Richardson and P. Spirtes},
	Journal = {Annals of Statistics},
	Pages = {962--1030},
	Title = {Ancestral graph {M}arkov models},
	Volume = {30},
	Year = {2002}}

@article{drton:04a,
	Author = {M. Drton and T. Richardson},
	Journal = {Proceedings of the 20th Conference on Uncertainty in Artificial Intelligence},
	Title = {Iterative Conditional Fitting for {G}aussian Ancestral Graph Models},
	Year = {2004}}

@book{rose:02,
	Author = {P. Rosenbaum},
	Publisher = {Springer-Verlag},
	Title = {Observational {S}tudies},
	Year = {2002}}

@book{glymour:02,
	Author = {C. Glymour},
	Publisher = {MIT Press},
	Title = {The {M}ind's {A}rrow: {B}ayes {N}ets and {G}raphical {C}ausal {M}odels in {P}sychology},
	Year = {2002}}

@article{minka:00,
	Author = {T. Minka},
	Journal = {Advances in Neural Information Processing Systems},
	Pages = {598--604},
	Title = {Automatic choice of dimensionality for {PCA}},
	Volume = {13},
	Year = {2000}}

@book{harman:67,
	Author = {H. Harman},
	Publisher = {University of Chicago Press},
	Title = {Modern {F}actor {A}nalysis},
	Year = {1967}}

@book{perpinan:01,
	Author = {M. Carreira-Perpinan},
	Publisher = {PhD Thesis, University of Sheffield, UK},
	Title = {Continuous {L}atent {V}ariable {M}odels for {D}imensionality {R}eduction and {S}equential {D}ata {R}econstruction},
	Year = {2001}}

@book{carmines:79,
	Author = {E. Carmines and R. Zeller},
	Publisher = {Quantitative Applications in the Social Sciences 17. Sage Publications.},
	Title = {Reliability and {V}alidity {A}ssessment},
	Year = {1979}}

@article{beal:01,
	Author = {M. Beal and Z. Ghahramani and C. Rasmussen},
	Journal = {Advances in Neural Information Processing Systems},
	Title = {The infinite hidden Markov model},
	Volume = {14},
	Year = {2001}}

@article{fornell:92,
	Author = {C. Fornell and Y. Yi},
	Journal = {Sociological Methods \& Research},
	Pages = {291--320},
	Title = {Assumptions of the two-step approach to latent variable modeling},
	Volume = {20},
	Year = {1992}}

@article{hayduk:00,
	Author = {L. Hayduk and D. Glaser},
	Journal = {Structural Equation Modeling},
	Pages = {1--35},
	Title = {Jiving the four-step, waltzing around factor analysis, and other serious fun},
	Volume = {7},
	Year = {2000}}

@article{bollen:00,
	Author = {K. Bollen},
	Journal = {Structural Equation Modeling},
	Pages = {74--81},
	Title = {Modeling strategies: in search of the holy grail},
	Volume = {7},
	Year = {2000}}

@article{jacsch:05,
	Author = {A. Jackson and R. Scheines},
	Journal = {Submitted to Social Work Research},
	Title = {Single mother's self-efficacy, parenting in the home environment and children's development in a two-wave study},
	Year = {2005}}

@article{cheese:95,
	Author = {P. Cheeseman and J. Stutz},
	Journal = {Advances in Knowledge Discovery and Data Mining},
	Pages = {153--180},
	Title = {Bayesian classification ({A}uto{C}lass): theory and results},
	Year = {1995}}

@book{mitchell:97,
	Author = {T. Mitchell},
	Publisher = {McGraw-Hill},
	Title = {Machine {L}earning},
	Year = {1997}}

@article{wishart:28,
	Author = {J. Wishart},
	Journal = {British Journal of Psychology},
	Pages = {180--187},
	Title = {Sampling errors in the theory of two factors},
	Volume = {19},
	Year = {1928}}

@article{zaki:04,
	Author = {M. Zaki},
	Journal = {Data Mining and Knowledge Discovery},
	Pages = {223--248},
	Title = {Mining non-redundant association rules},
	Volume = {19},
	Year = {2004}}

@article{jore:04,
	Author = {K. Joreskog},
	Journal = {Technical Report, Scientific Software International Inc.},
	Title = {Structural {E}quation {M}odeling with {O}rdinal {V}ariables using {LISREL}},
	Year = {2004}}

@article{agrawal:94,
	Author = {R. Agrawal and R. Srikant},
	Journal = {Proc. 20th Int. Conf. Very Large Data Bases, VLDB},
	Title = {Fast Algorithms for Mining Association Rules},
	Year = {1994}}

@article{borgelt:02,
	Author = {C. Borgelt and R. Kruse},
	Journal = {15th Conference on Computational Statistics (Compstat 2002, Berlin, Germany)},
	Title = {Induction of Association Rules: Apriori Implementation},
	Year = {2002}}

@article{pan:04,
	Author = {J. Pan and C. Faloutsos and M. Hamamoto and H. Kitagawa},
	Journal = {PAKDD},
	Title = {AutoSplit: Fast and Scalable Discovery of Hidden Variables in Stream and Multimedia Databases},
	Year = {2004}}

@article{glymour:97,
	Author = {C. Glymour},
	Journal = {Intelligence, {G}enes and {S}ucess: {S}cientists {R}espond to {\it {T}he {B}ell {C}urve}},
	Title = {Social statistics and genuine inquiry: reflections on {\it {T}he {B}ell {C}urve}},
	Year = {1997}}

@article{geigermeek:99,
	Author = {D. Geiger and C. Meek},
	Journal = {Proceedings of 15th Conference on Uncertainty in Artificial Intelligence},
	Title = {Quantifier elimination for statistical problems},
	Year = {1999}}

@book{meek:97,
	Author = {C. Meek},
	Publisher = {PhD Thesis, Carnegie Mellon University},
	Title = {Graphical {M}odels: {S}electing {C}ausal and {S}tatistical {M}odels},
	Year = {1997}}

@book{whittaker:90,
	Author = {J. Whittaker},
	Publisher = {John Wiley and Sons},
	Title = {Graphical {M}odels in {A}pplied {M}ultivariate {S}tatistics},
	Year = {1990}}

@article{richardson:96,
	Author = {T. Richardson},
	Journal = {Proceedings of 12th Conference on Uncertainty in Artificial Intelligence},
	Title = {A discovery algorithm for directed cyclic graphs},
	Year = {1996}}

@article{silverstein:2000,
	Author = {C. Silverstein and S. Brin and R. Motwani and J. Ullman},
	Journal = {Data Mining and Knowledge Discovery},
	Title = {Scalable techniques for mining causal structures},
	Year = {2000}}

@article{junker:01,
	Author = {B. Junker and K. Sijtsma},
	Journal = {Applied Psychological Measurement},
	Pages = {211--220},
	Title = {Nonparametric Item Response Theory in Action: An Overview of the Special Issue},
	Volume = {25},
	Year = {2001}}

@article{aalst:04,
	Author = {W. van der Aalst and A. Wejters},
	Journal = {Computers and Industry},
	Pages = {231--244},
	Title = {Process mining: a research agenda},
	Volume = {53},
	Year = {2004}}

@book{aalst:02,
	Author = {W. van der Aalst and K. van Hee},
	Publisher = {MIT Press},
	Title = {Workflow {M}anagement: {M}odels, {M}ethods and {S}ystems},
	Year = {2002}}

@article{agrawal:98,
	Author = {R. Agrawal and D. Gunopulos and F. Leymann},
	Journal = {Proc. of 6th International Conference on Extending Database Technology},
	Pages = {469--483},
	Title = {Mining process models from work-flow logs},
	Year = {1998}}

@article{greco:04,
	Author = {G. Greco and A. Guzzo and L. Pontieri and D. Sacca},
	Journal = {Proc. of the 8th PAKDD},
	Title = {Mining expressive process models by clustering workflow traces},
	Year = {2004}}

@article{ghah:97,
	Author = {Z. Ghahramani and M. Jordan},
	Journal = {Machine Learning},
	Title = {Factorial hidden {M}arkov models},
	Volume = {29},
	Year = {1997}}

@article{herbst:04,
	Author = {J. Herbst and K. Karagiannis},
	Journal = {Computers and Industry},
	Pages = {245--264},
	Title = {Workflow mining with {InWoLvE}},
	Volume = {53},
	Year = {2004}}

@article{szs:04,
	Author = {R. Silva and J. Zhang and J. G. Shanahan},
	Journal = {Clairvoyance Corportation Technical Note CC-TN-04-20},
	Title = {Probabilistic workflow mining},
	Volume = {http://www.cs.cmu.edu/$\sim$rbas/workflow.ps},
	Year = {2004}}

@book{basi:94,
	Author = {A. Basilevsky},
	Publisher = {Wiley},
	Title = {Statistical {F}actor {A}nalysis and {R}elated {M}ethods},
	Year = {1994}}

@book{gibson:87,
	Author = {J. Gibson},
	Publisher = {Chicago, IL:  University of Chicago, National Opinion Research Center [producer], 1987. Ann Arbor, MI: Inter-university Consortium for Political and Social Research [distributor]},
	Title = {Freedom and {T}olerance in the {U}nited {S}tates},
	Year = {1991}}

@article{anonymous:05,
	Author = {Anonymous},
	Journal = {See below},
	Title = {Proofs for ``{N}ew {D}-separation {I}dentification {R}esults for {L}earning {C}ontinous {L}atent {V}ariable {M}odels},
	Year = {2005}}

@article{binder:97,
	Author = {J. Binder and D. Koller and S. Russell and K. Kanazawa},
	Journal = {Machine Learning},
	Pages = {213--244},
	Title = {Adaptive probabilistic networks with hidden variables},
	Volume = {29},
	Year = {1997}}

@article{cooper:99,
	Author = {G. Cooper},
	Journal = {Computation, Causation and Discovery},
	Pages = {3--62},
	Publisher = {MIT Press},
	Title = {An overview of the representation and discovery of causal relationships using {B}ayesian networks},
	Year = {1999}}

@book{gc:99,
	Author = {C. Glymour and G. Cooper},
	Publisher = {MIT Press},
	Title = {Computation, Causation and Discovery},
	Year = {1999}}

@article{cooper:92,
	Author = {G. Cooper and E. Herskovits},
	Journal = {Machine Learning},
	Pages = {309--347},
	Title = {A {B}ayesian method for the induction of probabilistic networks from data},
	Volume = {9},
	Year = {1992}}

@misc{uci:98,
	Author = {C. L. Blake and C. J. Merz},
	Institution = {University of California, Irvine, Dept. of Information and Computer Sciences},
	Title = {{UCI} Repository of machine learning databases, http://www.ics.uci.edu/$\sim$mlearn/MLRepository.html},
	Year = {1998}}

@article{cooper:97,
	Author = {G. Cooper},
	Journal = {Data Mining and Knowledge Discovery},
	Title = {A simple constraint-based algorithm for efficiently mining observational databases for causal relationships},
	Volume = {2},
	Year = {1997}}

@article{rusakov:05,
	Author = {D. Rusakov and D. Geiger},
	Journal = {Journal of Machine Learning Research},
	Pages = {1--35},
	Title = {Asymptotic model selection for naive {B}ayesian networks},
	Volume = {6},
	Year = {2005}}

@article{wegelin:06,
	Author = {J. Wegelin and A. Packer and T. Richardson},
	Journal = {Journal of Multivariate Analysis},
	Pages = {79-102},
	Title = {Latent models for cross-covariance},
	Year = {2006}}

@book{bart:04,
	Author = {D. Bartholomew},
	Publisher = {Cambridge University Press},
	Title = {Measuring {I}ntelligence: {F}acts and {F}alacies},
	Year = {2004}}

@article{aapo:99,
	Author = {A. Hyvarinen},
	Journal = {Neural Computing Surveys},
	Pages = {94--128},
	Title = {Survey on Independent Component Analysis},
	Volume = {2},
	Year = {1999}}

@book{science:04,
	Author = {C. Hitchcock},
	Publisher = {Blackwell Publishing},
	Title = {Contemporary {D}ebates in the {P}hilosophy of {S}cience},
	Year = {2004}}

@article{giudici:99,
	Author = {P. Giudici and P. Green},
	Journal = {Biometrika},
	Pages = {785--801},
	Title = {Decomposable graphical {G}aussian model determination},
	Volume = {86},
	Year = {1999}}

@article{grzebyk:04,
	Author = {M. Grzebyk and P. Wild and D. Chouaniere},
	Journal = {Biometrika},
	Pages = {141--151},
	Title = {On identification of multi-factor models with correlated residuals},
	Volume = {91},
	Year = {2004}}

@article{stan:05,
	Author = {E. Stanghellini and N. Wermuth},
	Journal = {Biometrika},
	Pages = {To appear},
	Title = {On the identification of path analysis models with one hidden variable},
	Volume = {92},
	Year = {2005}}

@article{spearman:1904,
	Author = {C. Spearman},
	Journal = {American Journal of Psychology},
	Pages = {210--293},
	Title = {``General intelligence,'' objectively determined and measured},
	Volume = {15},
	Year = {1904}}

@article{chu:04,
	Author = {W. Chu and Z. Ghahramani},
	Journal = {Technical Report, University College London},
	Title = {Gaussian processes for ordinal regression},
	Year = {2004}}

@article{carroll:04,
	Author = {R. Carroll and D. Ruppert and C. Crainiceanu and T. Tosteson and M. Karagas},
	Journal = {Journal of the American Statistical Association},
	Pages = {736--750},
	Title = {Nonlinear and nonparametric regression and instrumental variables},
	Volume = {99},
	Year = {2004}}

@book{scholkopf:02,
	Author = {B. Scholkopf and A. Smola},
	Publisher = {MIT Press},
	Title = {Learning with {K}ernels},
	Year = {2002}}

@article{wedel:01,
	Author = {M. Wedel and W. Kamakura},
	Journal = {Psychometrika},
	Pages = {515--530},
	Title = {Factor analysis with (mixed) observed and latent variables in the exponential family},
	Volume = {66},
	Year = {2001}}

@article{bollen:98,
	Author = {K. Bollen and P. Paxton},
	Journal = {Structural Equation Modeling},
	Pages = {267--293},
	Title = {Interactions of latent variables in structural equation models},
	Volume = {5},
	Year = {1998}}

@article{wall:00,
	Author = {M. Wall and Y. Amemiya},
	Journal = {Journal of the American Statistical Association},
	Pages = {929--940},
	Title = {Estimation of polynomial structural equation models},
	Volume = {95},
	Year = {2000}}

@article{yalcin:01,
	Author = {I. Yalcin and Y. Amemiya},
	Journal = {Statistical Science},
	Pages = {275--294},
	Title = {Nonlinear factor analysis as a statistical method},
	Volume = {16},
	Year = {2001}}

@article{kano:03,
	Author = {Y. Kano and S. Shimizu},
	Journal = {Proceedings of the International Symposium of Science of Modeling - The 30th anniversary of the Information Criterion (AIC)},
	Pages = {261--270},
	Title = {Causal inference using nonnormality},
	Year = {2003}}

@article{buntine:04,
	Author = {W. Buntine and A. Jakulin},
	Journal = {Proceedings of 20th Conference on Uncertainty in Artificial Intelligence (UAI2004)},
	Title = {Applying discrete {PCA} in data analysis},
        Pages = {59--66},
	Year = {2004}}

@article{blei:03,
	Author = {D. Blei and A. Ng and M. Jordan},
	Journal = {Journal of Machine Learning Research},
	Pages = {993--1022},
	Title = {Latent {D}irichlet Allocation},
	Year = {2003}}

@article{stout:90,
	Author = {W. Stout},
	Journal = {Psychometrika},
	Pages = {293--325},
	Title = {A new item response theory modeling approach with applications to unidimensionality assessment and ability estimation},
	Volume = {55},
	Year = {1990}}

@article{habing:01,
	Author = {B. Habing},
	Journal = {Applied Psychological Measurement},
	Pages = {221--233},
	Title = {Nonparametric regression and the parametric bootstrap for local dependence assessment},
	Volume = {25},
	Year = {2001}}

@article{sil:05b,
	Author = {R. Silva and R. Scheines},
	Journal = {Proceedings of the 22nd International Conference in Machine Learning},
	Title = {New d-separation identification results for learning continuous latent variable models},
	pages = {808--815},
	Year = {2005}
}

@article{thethesis:05,
	Author = {R. Silva},
	Journal = {PhD Thesis, Machine Learning Department, Carnegie Mellon University},
	Title = {Automatic Discovery of Latent Variable Models},
	Year = {2005}}

@article{mscthesis:02,
	Author = {R. Silva},
	Journal = {MSc. Thesis, Center for Automated Learning and Discovery. Technical Report CMU-CALD-02-102, School of Computer Science, Carnegie Mellon University},
	Title = {The {S}tructure of the {U}nobserved},
	Year = {2002}}

@article{deepay:04,
	Author = {D. Chakrabarti and S. Papadimitriou and D. Modha and C. Faloutsos},
	Journal = {Proceedings of Tenth ACM SIGKDD International Conference on Knowledge Discovery and Data Mining},
	Pages = {79-88},
	Title = {Fully Automatic Cross-Associations},
	Year = {2004}}

@article{roeder:97,
	Author = {K. Roeder and L. Wasserman},
	Journal = {Journal of the American Statistical Association},
	Pages = {894-902},
	Title = {Practical Bayesian Density Estimation Using Mixtures of Normals},
	Year = {1997}}

@article{brito:02,
	Author = {C. Brito and J. Pearl},
	Journal = {Proceedings of 18th Conference on Uncertainty in Artificial Intelligence},
	Title = {Generalized instrumental variables},
	Year = {2002}}

@article{steen:04,
	Author = {K. Steenland and S. Greenland},
	Journal = {American Journal of Epidemiology},
	Pages = {384--392},
	Title = {Monte {C}arlo sensitivity analysis and {B}ayesian analysis of smoking as an unmeasured confounder in a study of silica and lung cancer},
	Volume = {160},
	Year = {2004}}

@article{drton:03,
	Author = {M. Drton and T. Richardson},
	Journal = {Proceedings of the 19th Conference on Uncertainty in Artificial Intelligence},
	Title = {A new algorithm for maximum likelihood estimation in {G}aussian models for marginal independence},
	Year = {2003}}

@article{roverato:02,
	Author = {A. Roverato},
	Journal = {Scandinavian Journal of Statistics},
	Pages = {391--411},
	Title = {Hyper inverse {W}ishart distribution for non-decomposable graphs and its application to {B}ayesian inference for {G}aussian graphical models},
	Volume = {29},
	Year = {2002}}

@article{bjerg:93,
	Author = {A. Bjerg and T. Nielsen},
	Journal = {MSc. Thesis, Department of Mathematics and Computer Science, Aalborg University, Denmark},
	Title = {Modelselektion i {K}ovariansselektionsmodeller},
	Year = {1993}}

@article{atay:05,
	Author = {A. Atay-Kayis and H. Massam},
	Journal = {Biometrika},
	Pages = {317--335},
	Title = {A {M}onte {C}arlo method for computing the marginal likelihood in nondecomposable {G}aussian graphical models},
	Volume = {92},
	Year = {2005}}

@article{dunson:05,
	Author = {D. Dunson and J. Palomo and K. Bollen},
	Journal = {Statistical and Applied Mathematical Sciences Institute, Technical Report \#2005-5},
	Title = {{B}ayesian structural equation modeling},
	Year = {2005}}

@article{scheines:99,
	Author = {R. Scheines and R. Hoijtink and A. Boomsma},
	Journal = {Psychometrika},
	Pages = {37--52},
	Title = {Bayesian estimation and testing of structural equation models},
	Volume = {64},
	Year = {1999}}

@article{brown:93,
	Author = {P. Brown and N. Le and J. Zidek},
	Journal = {In P.R. Freeman, A.F.M. Smith (editors), Aspects of Uncertainty, a tribute to D. V. Lindley},
	Pages = {77--92},
	Title = {Inference for a covariance matrix},
	Year = {1993}}

@article{dawid:88,
	Author = {A. P. Dawid},
	Journal = {In J.M. Bernardo, M.H. DeGroot, D.V. Lindley and A.F.M. Smith (editors), Bayesian Statistics},
	Pages = {95--110},
	Title = {The infinite regress and its conjugate analysis},
	Volume = {3},
	Year = {1988}}

@article{dawid:81,
	Author = {A. P. Dawid},
	Journal = {Biometrika},
	Pages = {265--274},
	Title = {Some matrix-variate distribution theory: notational considerations and a {B}ayesian application},
	Volume = {68},
	Year = {1981}}

@article{brown:00,
	Author = {P. Brown},
	Journal = {University of Kent at Canterbury, IMS Technical Report UKC/IMS/00/22},
	Title = {The generalized inverted {W}ishart distribution},
	Year = {2000}}

@article{dawid:93,
	Author = {A. P. Dawid and S. Lauritzen},
	Journal = {Annals of Statistics},
	Pages = {1272--1317},
	Title = {Hyper {M}arkov laws in the statistical analysis of decomposable graphical models},
	Volume = {21},
	Year = {1993}}

@article{drton:05b,
	Author = {M. Drton and T. Richardson},
	Journal = {Department of Statistics, University of Washington, Tech. report 467},
	Title = {Graphical answers to questions about likelihood inference for {G}aussian covariance models},
	Year = {2005}}

@book{reyment:96,
	Author = {R. Reyment and K. Joreskog},
	Publisher = {Cambride University Press},
	Title = {Applied {F}actor {A}nalysis in the {N}atural {S}ciences},
	Year = {1996}}

@article{drton:05a,
	Author = {M. Drton and B. Sturmfels and S. Sullivant},
	Journal = {Cornell University Library (arxiv.org), arXiv:math.ST/0509390},
	Title = {Algebraic factor analysis: tetrads, pentads and beyond},
	Year = {2005}}

@article{sil:06,
	Author = {R. Silva and R. Scheines and C. Glymour and P. Spirtes},
	Journal = {Journal of Machine Learning Research},
	Pages = {191--246},
	Title = {Learning the Structure of Linear Latent Variable Models},
	Volume = {7},
	Year = {2006}}

@article{blei:04,
	Author = {D. Blei and M. Jordan},
	Journal = {Proceedings of the 21st International Conference on Machine Learning (ICML)},
	Title = {Variational methods for the {D}irichlet process},
	Year = {2004}}

@article{forster:98,
	Author = {J. Forster and P. Smith},
	Journal = {Journal of the Royal Statistics Society, Series B},
	Pages = {57--70},
	Title = {Model-based inference for categorical survey data subject to non-ignorable non-response},
	Volume = {60},
	Year = {1998}}

@article{blei:05,
	Author = {D. Blei and J. Lafferty},
	Journal = {Neural Information Processing Systems},
	Title = {Correlated topic models},
	Volume = {12},
	Year = {2005}}

@article{thiesson:01,
	Author = {B. Thiesson and C. Meek and D. Heckerman},
	Journal = {Machine Learning},
	Pages = {279--299},
	Title = {Accelerating {EM} for large databases},
	Volume = {45},
	Year = {2001}}

@article{jaakkola:98,
	Author = {T. Jaakkola and M. Jordan},
	Journal = {Learning in Graphical Models},
	Pages = {163--173},
	Title = {Improving the mean field approximation via the use of mixture distributions},
	Year = {1998}}

@article{minka:01,
	Author = {T. Minka},
	Journal = {PhD Thesis, Massachussets Institute of Technology},
	Title = {A family of algorithms for approximate {B}ayesian inference},
	Year = {2001}}

@article{chu:05,
	Author = {W. Chu and Z. Ghahramani},
	Journal = {Journal of Machine Learning Research},
	Pages = {1019--1041},
	Title = {Gaussian processes for ordinal regression},
	Volume = {6},
	Year = {2005}}

@article{kottas:05,
	Author = {A. Kottas and P. M\"{u}ller and and F. Quintana},
	Journal = {Journal of Computational and Graphical Statistics},
	Pages = {610--625},
	Title = {Nonparametric {B}ayesian modeling for multivariate ordinal data},
	Volume = {14},
	Year = {2005}}

@article{webb:04,
	Author = {E. Webb and J. Forster},
	Journal = {Journal of Computational and Graphical Statistics},
	Title = {{B}ayesian model determination for multivariate ordinal and binary data},
	Year = {2005}}

@article{yu:05,
	Author = {S. Yu and K. Yu and V. Tresp},
	Journal = {Neural Information Processing Systems Conference, Workshop Learning to Rank},
	Title = {Collaborative Ordinal Regression},
	Year = {2005}}

@article{geiger:94,
	Author = {D. Geiger and D. Heckerman},
	Journal = {Uncertainty on Artificial Intelligence},
	Pages = {235--243},
	Title = {Learning {G}aussian networks},
	Year = {1994}}

@article{wright:21,
	Author = {S. Wright},
	Journal = {Journal of Agricultural Research},
	Pages = {557--585},
	Title = {Correlation and causation},
	Year = {1921}}

@article{richardson:03,
	Author = {T. Richardson},
	Journal = {Scandinavian Journal of Statistics},
	Pages = {145--157},
	Title = {Markov properties for acyclic directed mixed graphs},
	Volume = {30},
	Year = {2003}}

@article{richardson:99,
	Author = {T. Richardson and H. Bailer and M. Banarjees},
	Journal = {Uncertainty 99: The Seventh International Workshop on Artificial Intelligence and Statistics},
	Title = {Tractable structure search in the presence of latent variables},
	Year = {1999}}

@article{picard:78,
	Author = {J. Picard and M. Queyranne},
	Journal = {Operations Research},
	Pages = {1272--1317},
	Title = {The time-dependent traveling salesman problem and its application to the tardiness problem in one-machine scheduling},
	Volume = {26},
	Year = {1978}}

@article{breese:98,
	Author = {J. Breese and D. Heckerman and C. Kadie},
	Journal = {Uncertainty on Artificial Intelligence},
	Pages = {43--58},
	Title = {Empirical analysis of predictive algorithms for collaborative filtering},
	Year = {1998}}

@article{bradlow:99,
	Author = {E. Bradlow and A. Zaslavsky},
	Journal = {Journal of American Statistical Association},
	Pages = {43--52},
	Title = {A hierarchical latent variable model for ordinal data from a customer satisfaction survey with "no answer" responses},
	Year = {1999}}

@article{ditlevsen:05,
	Author = {S. Ditlevsen and U. Christensen and J. Lynch and M. Damsgaard and N. Keiding},
	Journal = {Epidemiology},
	Pages = {114--120},
	Title = {The mediation proportion: a structural equation approach for estimation the proportion of exposure effect on outcome explained by an intermediate variable},
	Volume = {26},
	Year = {2005}}

@article{rabe:06,
	Author = {S. Rabe-Hesketh and A. Skondral},
	Journal = {In S.-Y. Lee (Ed.), Hankbook on Structural Equation Models},
	Pages = {Forthcoming},
	Title = {Multilevel structural equation modeling},
	Year = {2006}}

@article{dunson:03,
	Author = {D. Dunson},
	Journal = {Journal of the American Statistical Association},
	Pages = {555--563},
	Title = {Dynamic latent trait models for multidimensional longitudinal data},
	Volume = {98},
	Year = {2003}}

@article{csato:02,
	Author = {L. Csat\'{o} and M. Opper},
	Journal = {Neural Computation},
	Pages = {641--668},
	Title = {Sparse on-line {G}aussian processes},
	Volume = {14},
	Year = {2002}}

@article{jordan:98b,
	Author = {M. Jordan and Z. Ghaharamani and T. Jaakkola and L. Saul},
	Journal = {In M. Jordan (Ed.), Learning in Graphical Models},
	Pages = {105--162},
	Title = {An introduction to variational methods for graphical models},
	Year = {1998}}

@book{dempster:69,
	Author = {A. Dempster},
	Publisher = {Addison-Wesley},
	Title = {Elements of {C}ontinuous {M}ultivariate {A}nalysis},
	Year = {1969}}

@article{friedman:00,
	Author = {N. Friedman and M. Linial and I. Nachman and D. Pe'er},
	Journal = {RECOMB},
	Pages = {127--135},
	Title = {Using Bayesian networks to analyze expression data},
	Year = {2000}}

@article{gha:05,
	Author = {Z. Ghahramani and K. Heller},
	Journal = {18th NIPS},
	Title = {Bayesian sets},
	Year = {2005}}

@article{gass:02,
	Author = {H. Gassman and I. De\'{a}k and T. Sz\'{a}ntai},
	Journal = {Journal of Computational and Graphical Statistics},
	Pages = {920--949},
	Title = {Computing Multivariate Normal Probabilities: A New Look},
	Volume = {11},
	Year = {2002}}

@article{kuss:05,
	Author = {M. Kuss and C. Rasmussen},
	Journal = {Journal of Machine Learning Research},
	Pages = {1679--1704},
	Title = {Assessing Approximate Inference for Binary {G}aussian Process Classification},
	Volume = {6},
	Year = {2005}}

@article{marlin:05,
	Author = {B. Marlin and S. Roweis and R. Zemel},
	Journal = {10th International Workshop on Artificial Intelligence and Statistics},
	Pages = {222--229},
	Title = {Unsupervised Learning with Non-ignorable Missing Data},
	Year = {2005}}

@article{sil:06b,
	Author = {R. Silva and R. Scheines},
	Journal = {Proceedings of the 23rd International Conference on Machine Learning},
	Title = {Bayesian learning of measurement and structural models},
	pages = {825--832},
	Year = {2006}}

@article{memisevic:05,
	Author = {R. Memisevic and G. Hinton},
	Journal = {18th NIPS},
	Title = {Multiple relational embedding},
	Year = {2005}}

@article{turney:05,
	Author = {P. Turney and M. Littman},
	Journal = {Machine Learning Journal},
	Pages = {251--278},
	Title = {Corpus-based learning of analogies and semantic relations},
	Volume = {60},
	Year = {2005}}

@article{marx:02,
	Author = {Z. Marx and I. Dagan and J. Buhmann and E. Shamir},
	Journal = {Journal of Machine Learning Research},
	Pages = {747--780},
	Title = {Coupled clustering: a method for detecting structural correspondence},
	Volume = {3},
	Year = {2002}}

@article{french:02,
	Author = {R. French},
	Journal = {Trends in Cognitive Sciences},
	Pages = {200-205},
	Title = {The computational modeling of analogy-making},
	Volume = {6},
	Year = {2002}}

@article{kemp:06,
	Author = {C. Kemp and J. Tenenbaum and T. Griffths and T. Yamada and N. Ueda},
	Journal = {Proceedings of AAAI'06},
	Title = {Learning systems of concepts with an infinite relational model},
	Year = {2006}}

@article{getoor:02,
	Author = {L. Getoor and N. Friedman and D. Koller and B. Taskar},
	Journal = {Journal of Machine Learning Research},
	Pages = {679--707},
	Title = {Learning probabilistic models of link structure},
	Volume = {3},
	Year = {2002}}

@article{jak:00,
	Author = {T. Jaakkola and M. Jordan},
	Journal = {Statistics and Computing},
	Pages = {25--37},
	Title = {Bayesian parameter estimation via variational methods},
	Volume = {10},
	Year = {2000}}

@article{craven:98,
	Author = {M. Craven and D. DiPasquo and D. Freitag and A. McCallum and T. Mitchell and K. Nigam and S. Slattery},
	Journal = {Proceedings of AAAI'98},
	Pages = {509--516},
	Title = {Learning to extract symbolic knowledge from the {W}orld {W}ide {W}eb},
	Year = {1998}}

@book{dzeroski:01,
	Author = {S. D\v{z}eroski and N. Lavra\v{c}},
	Publisher = {Springer},
	Title = {Relational {D}ata {M}ining},
	Year = {2001}}

@article{airoldi:06,
	Author = {E. Airoldi and D. Blei and E. Xing and S. Fienberg},
	Journal = {Proceedings of the International Biometrics Society Annual Meetings},
	Title = {Mixed membership stochastic block models for relational data with application to protein-protein interactions},
	Year = {2006}}

@book{kolodner:93,
	Author = {J. Kolodner},
	Publisher = {Morgan Kaufmann},
	Title = {Case-{B}ased {R}easoning},
	Year = {1993}}

@article{silva:06c,
	Author = {R. Silva and Z. Ghahramani},
	Journal = {Proceedings of 22nd Conference on Uncertainty in Artificial Intelligence},
	Title = {Bayesian inference for {G}aussian mixed graph models},
	Year = {2006}}

@article{drton:05c,
	Author = {M. Drton and T. Richardson},
	Journal = {Department of Statistics, University of Washington, Tech. report 474},
	Title = {Binary models for marginal independence},
	Year = {2005}}

@article{murray:06,
	Author = {I. Murray and Z. Ghahramani and D. MacKay},
	Journal = {Proceedings of 22nd Conference on Uncertainty in Artificial Intelligence},
	Title = {{MCMC} for doubly-intractable distributions},
	Year = {2006}}

@article{albert:93,
	Author = {J. Albert and S. Chib},
	Journal = {Journal of the American Statistical Association},
	Pages = {669--679},
	Title = {Bayesian analysis of binary and polychotomous response data},
	Volume = {88},
	Year = {1993}}

@article{neal:00,
	Author = {R. Neal},
	Journal = {Journal of Computational and Graphical Statistics},
	Pages = {249--265},
	Title = {Markov chain sampling methods for {D}irichlet process mixture models},
	Volume = {9},
	Year = {2000}}

@article{ras:00,
	Author = {C. Rasmussen},
	Journal = {Advances in Neural Information Processing Systems},
	Pages = {554-560},
	Title = {The infinite {G}aussian mixture model},
	Volume = {12},
	Year = {2000}}

@article{webb:06,
	Author = {E. Webb and J. Forster},
	Journal = {Technical report, Southampton Statistical Sciences Research Institute},
	Title = {Bayesian model determination for multivariate ordinal and binary data},
	Year = {2006}}

@article{popescul:03,
	Author = {A. Popescul and L. H. Ungar},
	Journal = {Multi-Relational Data Mining Workshop at KDD-2003},
	Title = {Structural logistic regression for link analysis},
	Year = {2003}}

@article{kotecha:99,
	Author = {J. Kotecha and P. Djuric},
	Journal = {Proceedings of the IEEE International Conference on Acoustics, Speech and Signal Processing},
	Pages = {1757--1760},
	Title = {Gibbs sampling approach for the generation of truncated multivariate {G}aussian random variables},
	Year = {1999}}

@article{jain:04,
	Author = {S. Jain and R. Neal},
	Journal = {Journal of Computational and Graphical Statistics},
	Pages = {158--182},
	Title = {A split-merge {M}arkov chain {M}onte {C}arlo procedure for the {D}irichlet process mixture model},
	Volume = {13},
	Year = {2004}}

@book{manning:07,
	Author = {C. Manning and P. Raghavan and H. Sch\"{u}tze},
	Publisher = {In press},
	Title = {Introduction to Information Retrieval},
	Year = {2007}}

@article{pearl:95,
	Author = {J. Pearl and J. Robins},
	Journal = {11th Conference on Uncertainty in Artificial Intelligence},
	Pages = {444--453},
	Title = {Probabilistic evaluation of sequential plans from causal models with hidden variables},
	Year = {1995}}

@article{richardson:98,
	Author = {T. Richardson},
	Journal = {Learning in Graphical Models},
	Pages = {231--259},
	Title = {Chain graphs and symmetric associations},
	Year = {1998}}

@book{shipley:02,
	Author = {B. Shipley},
	Publisher = {Cambridge University Press},
	Title = {Cause and Correlation in Biology: A User's Guide to Path Analysis, Structural Equations and Causal Inference},
	Year = {2002}}

@article{kemp:06b,
	Author = {C. Kemp and P. Shafto and A. Berke and J. Tenenbaum},
	Journal = {Neural Information Processing Systems},
	Title = {Combining causal and similarity-based reasoning},
	Year = {2006}}

@article{wellner:04,
	Author = {B. Wellner and A. McCallum and F. Peng and M. Hay},
	Journal = {20th Conference on Uncertainty in Artificial Intelligence},
	Title = {An Integrated, Conditional Model of Information Extraction and Coreference with Application to Citation Matching},
	Year = {2004}}

@article{blei:06,
	Author = {D. Blei and J. Lafferty},
	Journal = {Proceedings of the 23rd International Conference on Machine Learning},
	Title = {Dynamic topic models},
	Year = {2006}}

@article{silva:07a,
	Author = {R. Silva and K. Heller and Z. Ghahramani},
	Journal = {11th International Conference on Artificial Intelligence and Statistics, AISTATS},
	Title = {Analogical reasoning with relational {B}ayesian sets},
	Year = {2007}}

@article{qi:06,
	Author = {Y. Qi and Z. Bar-Joseph and J. Klein-Seetharaman},
	Journal = {Proteins: Structure, Function, and Bioinformatics},
	Pages = {490-500},
	Title = {Evaluation of different biological data and computational classification methods for use in protein interaction prediction},
	Volume = {63},
	Year = {2006}}

@article{mewes:04,
	Author = {H. Mewes and et al.},
	Journal = {Nucleic Acids Research},
	Title = {{MIPS}: analysis and annotation of proteins from whole genome},
	Volume = {32},
	Year = {2004}}

@article{gentner:83,
	Author = {D. Gentner},
	Journal = {Cognitive Science},
	Pages = {155-170},
	Title = {Structure-mapping: a theoretical framework for analogy},
	Volume = {7},
	Year = {1983}}

@article{heller:05,
	Author = {K. Heller and Z. Ghahramani},
	Journal = {Technical Report 2005-002, Gatsby Computational Neuroscience Unit},
	Title = {Bayesian hierarchical clustering},
	Year = {2005}}

@article{ashburner:00,
	Author = {M. Ashburner and C. A. Ball and J. A. Blake and D. Botstein and H. Butler and J. M. Cherry and A. P. Davis and K. Dolinski and S. S. Dwight and J. T. Eppig and M. A. Harris and D. P. Hill and L. Issel-Tarver and A. Kasarskis and S. Lewis and J. C. Matese and J. E. Richardson and M. Ringwald and G. M. Rubinand and G. Sherlock},
	Journal = {Nature Genetics},
	Pages = {155-170},
	Title = {Gene ontology: tool for the unification of biology},
	Volume = {25},
	Year = {2000}}

@book{griffiths:02,
	Author = {A. Griffiths and W. Gelbart and R. Lewontin and J. Miler},
	Edition = {2nd},
	Publisher = {Freeman \& Co},
	Title = {Modern Genetic Analysis},
	Year = {2002}}

@Article{silva:07b,
  author = {R. Silva and E. Airoldi and K. Heller},
  title = {Small sets of interacting proteins suggest latent linkage mechanisms through analogical reasoning},
  journal = {Gatsby Computational Neuroscience Unit, Technical Report GCNU TR 2007-001},
  year = {2007}
}

@Article{jensen:02,
  author = {D. Jensen and J. Neville},
  title = {Linkage and Autocorrelation Cause Feature Selection Bias in Relational Learning},
  journal = {19th International Conference on Machine Learning},
  year = {2002}
}

@Article{wain:03,
  author = {M. Wainwright and M. Jordan},
  title = {Graphical models, exponential families, and variational inference},
  journal = {UC Berkeley, Dept. of Statistics, Technical Report 649},
  year = {2003}
}

@book{lauritzen:96,
  author = {S. Lauritzen},
  title = {Graphical Models},
  publisher = {Oxford University Press},
  year = {1996}
}

@Article{deepay:05,
  author = {D. Chakrabarti},
  title = {Tools for {L}arge {G}raph {M}ining},
  journal = {PhD Thesis, Carnegie Mellon University},
  year = {2005}
}

@Article{sen:07,
  author = {P. Sen and L. Getoor},
  title = {Link-based classification},
  journal = {Technical Report CS-TR-4858, University of Maryland},
  year = {2007}
}

@Article{getoor:01,
  author = {L. Getoor and N. Friedman and D. Koller and A. Pfeffer},
  title = {Learning Probabilistic Relational Models},
  journal = {In Relational Data Mining, Sa\v{s}o D\v{z}eroski and Nada Lavra\v{c} (eds.)},
  publisher = {Springer-Verlag},
  year = {2001}
}

@Article{heckerman:04,
  author = {D. Heckerman and C. Meek and D. Koller},
  title = {Probabilistic Models for Relational Data},
  journal = {Technical Report MSR-TR-2004-30, Microsoft Research},
  year = {2004}
}

@Article{jure:07,
  author = {J. Leskovec and J. Kleinberg and C. Faloutsos},
  title = {Graph Evolution: Densification and Shrinking Diameters},
  journal = {ACM Transactions on Knowledge Discovery from Data},
  volume = {1},
  year = {2007}
}

@Article{koyu:06,
  author = {M. Koyut\"{u}rk and Y. Kim and S. Subramaniam and W. Szpankowski and A. Grama},
  title = {Detecting Conserved Interaction Patterns in Biological Networks},
  journal = {Journal of Computational Biology},
  volume = {13},
  pages = {1299-1322},
  year = {2006}
}

@Article{anya:04,
  author = {A. Goldenberg and A. Moore},
  title = {Tractable learning of large {B}ayes net structures from sparse data},
  journal = {Proceedings of the 21st International Conference on Machine Learning},
  year = {2004}
}

@Article{roy:06,
  author = {D. Roy and C. Kemp and V. Mansinghka and J. Tenenbaum},
  title = {Learning annoted hierarchies from relational data},
  journal = {Neural Information Processing Systems},
  year = {2006}
}

@Article{chuwei:06,
  author = {W. Chu and V. Sindhwani and Z. Ghahramani and S. Keerthi},
  title = {Relational learning with {G}aussian processes},
  journal = {Neural Information Processing Systems},
  year = {2006}
}

@Article{zellner:62,
  author = {A. Zellner},
  title = {An efficient method of estimating seemingly unrelated regression equations and tests for aggregation bias},
  journal = {Journal of the American Statistical Association},
  volume = {57},
  pages = {348--368},
  year = {1962}
}

@Article{myers:05,
  author = {C. Myers and D. Robson and A. Wible and M. Hibbs and C. Chiriac and C. Theesfeld and K. Dolinski and O. Troyanskaya},
  title = {Discovery of biological networks from diverse functional genomic data},
  journal = {Genome Biology},
  volume = {6},
  year = {2005}
}

@Article{lee:06,
  author = {S. Lee and H. Lee and P. Abbeel and A. Ng},
  title = {Efficient L1 Regularized Logistic Regression},
  journal = {Proceedings of the Twenty-First National Conference on Artificial Intelligence},
  year = {2006}
}

@Article{raina:06,
  author = {R. Raina and A. Ng and D. Koller},
  title = {Constructing Informative Priors using Transfer Learning},
  journal = {Proceedings of the 23rd International Conference on Machine Learning},
  year = {2006}
}

@Book{larry:04,
  author = {L. Wasserman},
  title = {All of Statistics},
  publisher = {Springer-Verlag},
  year = {2004}
}

@Article{halpern:05,
  author = {J. Halpern and J. Pearl},
  title = {Causes and explanations: a structural-model approach. {P}art {II}: {E}xplanations},
  journal = {British Journal for the Philosophy of Science},
  volume = {56},
  pages = {889-911},
  year = {2005}
}

@Article{dawid:79,
  author = {A. P. Dawid},
  title = {Conditional independence in statistical theory},
  journal = {Journal of the Royal Statistical Society, Series B},
  volume = {41},
  pages = {1-31},
  year = {1979}
}

@Article{csato:02,
  author = {L. Csat\'{o} and M. Opper},
  title = {Sparse on-line {G}aussian processes},
  journal = {Neural Computation},
  volume = {14},
  pages = {641-688},
  year = {2002}
}

@Article{kang:05,
  author = {C. Kang and J. Tian},
  title = {Local {M}arkov property for models satisfying the composition axiom},
  journal = {Proceedings of 21st Conference on Uncertainty in Artificial Intelligence},
  year = {2005}
}

@Article{taskar:04,
  author = {B. Taskar},
  title = {Learning Structured Prediction Models: A Large Margin Approach},
  journal = {PhD Thesis, Stanford University},
  year = {2004}
}

@article{perezcruz:07,
   Author = {F. P\'{e}rez-Cruz and Z. Ghahramani and M. Pontil},
   Journal = {Predicting Structured Data},
   Pages = {265--282},
   Publisher = {MIT Press},
   Title = {Kernel conditional graphical models},
   Year = {2007}
}

@article{spirtes:96,
   Author = {P. Spirtes and T. Richardson and C. Meek},
   Journal = {Proceedings of the 6th International Workshop on Artificial Intelligence and Statistics (AISTATS 96)},
   Title = {Heuristic greedy search algorithms for latent variable models},
   Year = {1996}
}

@article{sachs:05,
   Author = {K. Sachs and O. Perez and D. Pe'er and D. Lauffenburger and G. Nolan},
   Title = {Causal protein-signaling networks derived from multiparameter single-cell data},
   Journal = {Science},
   Volume = {308},
   Year = {2005}
}

@article{drton:08,
   Author = {M. Drton and T. Richardson},
   Title = {Binary models for marginal independence},
   Journal = {Journal of the Royal Statistical Society, Series B},
   Volume = {70},
   Pages = {287--309},
   Year = {2008}
}

@article{silva:07c,
   Author = {R. Silva and W. Chu and Z. Ghahramani},
   Title = {Hidden common cause relations in relational learning},
   Journal = {Neural Information Processing Systems},
   pages = {1345--1352},
   Year = {2007}
}

@article{skilling:06,
   Author = {J. Skilling},
   Title = {Nested sampling for general {B}ayesian computation},
   Journal = {Bayesian Analysis},
   Volume = {1},
   Pages = {833--860},
   Year = {2006}
}

@article{pitt:06,
   author = {M. Pitt and D. Chan and R. Kohn},
   title = {Efficient {B}ayesian inference for {G}aussian copula regression models},
   journal = {Biometrika},
   volume = {93},
   pages = {537--554},
   year = {2006}
}

@book{neal:96,
   author = {R. Neal},
   title = {Bayesian Learning for Neural Networks},
   publisher = {Springer-Verlag},   
   year = {1996}
}

@article{tarjan:85,
   author = {R. Tarjan},
   title = {Decomposition by clique separators},
   journal = {Discrete Mathematics},
   volume = {55},
   pages = {221--232},
   year = {1985}
}

@article{yedidia:05,
   author = {J. Yedidia and W. Freeman and Y. Weiss},
   title = {Constructing free-energy approximations and generalized belief propagation algorithms},
   journal = {IEEE Transactions on Information Theory},
   volume = {51},
   pages = {2282--2312},
   year = {2005}
}

@article{jiji:07,
  author = {J. Zhang},
  title = {A characterization of {M}arkov equivalence classes for directed acyclic graphs with latent variables},
  journal = {Proceedings of 23rd Conference on Uncertainty in Artificial Intelligence},
  year = {2007}
}

@article{silva:06d,
   author = {R. Silva},
   title = {Principled selection of impure measures for consistent learning of linear latent variable models},
   journal = {NIPS Workshop on Causality and Feature Selection},
   year = {2006}
}

@book{cowell:99,
   author = {R. Cowell and A. Dawid and S. Lauritzen and D. Spiegelhalter},
   title = {Probabilistic Networks and Expert Systems},
   publisher = {Springer-Verlag},   
   year = {1999}
}

@article{airoldi:07,
   author = {E. Airoldi and D. Blei and S. Fienberg and E. Xing},
   title = {Mixed membership analysis of high-throughput interaction studies: relational data},
   journal = {arXiv:0706.0294},
   year = {2007}
}

@article{silva:06b,
   author = {R. Silva and R. Scheines},
   title = {Towards association rules with hidden variables},
   journal = {10th European Conference on Principles and Practice of Knowledge Discovery in Databases, PKDD 2006},
   year = {2006}
}

@article{silva:08a,
   author = {R. Silva and Z. Ghahramani},
   title = {The hidden life of latent variables: {B}ayesian learning with mixed graph models},
   journal = {http://www.statslab.cam.ac.uk/$\sim$silva},
   year = {2008}
}

@article{eaton:07,
   author = {D. Eaton and K. Murphy},
   title = {Exact {B}ayesian structure learning from uncertain interventions},
   journal = {Artificial Intelligence \& Statistics},
   year = {2007}
}


@Article{drton:08b,
  author = {M. Drton and M. Perlman},
  title = {Multiple testing and error control in {G}aussian graphical model selection},
  journal = {Statistical Science, to appear},
  year = {2008}
}

@Article{jones:05,
  author = {B. Jones and C. Carvalho and A. Dobra and C. Hans and C. Carter and M. West},
  title = {Experiments in stochastic computation for high-dimensional graphical models},
  journal = {Statistical Science},
  volume = {20},
  pages = {388--400},
  year = {2005}
}

@Article{friedman:03,
  author = {N. Friedman and D. Koller},
  title = {Being {B}ayesian about network structure: a {B}ayesian approach to structure 
           discovery in {B}ayesian networks},
  journal = {Machine Learning Journal},
  volume = {50},
  pages = {95--126},
  year = {2003}
}

@book{nelsen:07,
   author = {R. Nelsen},
   title = {An Introduction to Copulas},
   publisher = {Springer-Verlag},   
   year = {2007}
}

@article{silva:05c,
	author = {R. Silva and J. Zhang and J. G. Shanahan},
	title = {Probabilistic workflow mining},
	journal = {ACM SIGKDD International Conference on Knowledge Discovery and Data Mining},
	year = {2005}
}

@article{spirtes:95,
   author = {P. Spirtes},
   title = {Directed cyclic graphical representations of feedback models},
   journal = {Proceedings of 11th Conference on Uncertainty in Artificial Intelligence},   
   year = {1995}
}

@book{joe:97,
   author = {H. Joe},
   title = {Multivariate Models and Dependence Concepts},
   publisher = {Chapman-Hall},   
   year = {1997}
}

@article{brooks:03,
   author = {S. Brooks and P. Giudici and G. Roberts},
   title = {Efficient Construction of Reversible Jump {MCMC} Proposal Distributions},
   journal = {Journal of the Royal Statistical Society, Series B},   
   volumne = {65},
   year = {2003}
}

@article{kirshner:07,
   author = {S. Kirshner},
   title = {Learning with tree-averaged densities and distributions},
   journal = {Neural Information Processing Systems},   
   year = {2007}
}

@article{meila:06,
   author = {M. Meil\v{a} and T. Jaakkola},
   title = {Tractable {B}ayesian learning of tree belief networks},
   journal = {Statistics and Computing},   
   year = {2006}
}

@book{nicolo:05,
   author = {D. Nicoloutsopoulos},
   title = {Parametric and Bayesian Non-parametric Estimation of Copulas},
   publisher = {PhD Thesis, University College London},
   year = {2005}
}

@article{escobar:95,
	author = {M. Escobar and M. West},
    title = {Bayesian density estimation and inference using mixtures},
	journal = {Journal of the American Statistical Association},
	volume = {90},
	pages = {577--588},
	year = {1995}
}

@article{welling:06,
	author = {M. Welling and S. Parise},
    title = {Bayesian random fields: the {B}ethe-{L}aplace approximation},
	journal = {Proceedings of 22nd Conference on Uncertainty in Artificial Intelligence},
	year = {2006}
}

@article{green:95,
	author = {P. Green},
    title = {Reversible jump {M}arkov chain {M}onte {C}arlo computation and {B}ayesian model determination},
	journal = {Biometrika},
	volume = {82},
	pages = {711--732},
	year = {1995}
}

@article{bergsma:02,
	author = {W. Bergsma and T. Rudas},
    title = {Marginal models for categorical data},
	journal = {Annals of Statistics},
	volume = {30},
	pages = {140--159},
	year = {2002}
}

@Article{dempster:laird:rubin:1977,
  Author = 	 {A. Dempster and N. Laird and D. Rubin},
  title = 	 {Maximum Likelihood from Incomplete Data via the EM Algorithm},
  journal = 	 {Journal of the Royal Statistical Society, Series B},
  year = 	 1977,
  volume = 	 39,
  number = 	 1,
  pages = 	 {1--37}}

@Article{meng:rubin:1993,
  author = 	 {X. Meng and D. Rubin},
  title = 	 {Maximum Likelihood Estimation via the ECM algorithm},
  journal = 	 {Biometrika},
  year = 	 1993,
  volume = 	 80,
  number = 	 2,
  pages = 	 {267--278}}

@Book{little:2002,
  author = 	 {R. Little and D. Rubin},
  title = 	 {Statistical Analysis with Missing Data},
  publisher = 	 {Wiley},
  year = 	 2002,
  edition = 	 2}

@article{gramacy:08,
	author = {R. B. Gramacy and J. H. Lee and R. Silva},
  title = {On estimating covariances between many assets with histories of highly variable length},
	journal = {arXiv:0710.5837v4},
	year = 2008
}

@article{kirshner:07a,
	Author = {S. Kirshner and P. Smyth},
    Title = {Infinite mixtures of trees},
	Journal = {International Conference on Machine Learning},
	Year = {2007}
}

@article{meila:00,
	author = {M. Meila and M. Jordan},
    title = {Learning with mixtures of trees},
	journal = {Journal of Machine Learning Research},
	volume = {1},
	pages = {1--48},
	year = {2000}
}

@article{neal:03,
	author = {R. Neal},
    title = {Slice sampling},
	journal = {The Annals of Statistics},
	volume = {31},
	pages = {705--767},
	year = {2003}
}

@article{silva:09a,
	Author = {R. Silva and Z. Ghahramani},
	Title = {Factorial mixtures of {G}aussians and the marginal independence model},
	Journal = {Artificial Intelligence \& Statistics (AISTATS '09)},
	pages = {520--527},
	Year = {2009}
}

@article{hoyer:08,
	Author = {P. Hoyer and D. Janzing and J. Mooij and J. Peters and B. Sch\"{o}lkopf},
	Title = {Nonlinear causal discovery with additive noise models},
	Journal = {Neural Information Processing Systems},
	Year = {2008}
}

@book{lee:07,
	Author = {S.-Y. Lee},
	Publisher = {Wiley},
	Title = {Structural Equation Modeling: a Bayesian Approach},
	Year = {2007}
}

@article{lee:08,
	Author = {S.-Y. Lee, X.-Y. Song},
	Title = {On {B}ayesian estimation and model comparison of an integrated structural equation model},
	Journal = {Computational Statistics and Data Analysis},
	Volume = {52},
	Pages = {4814-4827},
	Year = {2008}
}

@article{bickel:08,
	Author = {P. Bickel and E. Levina},
	Title = {Covariance regularization by thresholding},
	Journal = {Annals of Statistics},
	Volume = {36},
	Pages = {2577-2604},
	Year = {2008}
}

@article{daniels:99,
	Author = {M. Daniels and R. Kass},
	Title = {Nonconjugate {B}ayesian estimation of covariance matrices and its use in hierarchical models},
	Journal = {Journal of the American Statistical Association},
	Volume = {94},
	Pages = {1254--1263},
	Year = {1999}
}

@article{chen:03,
	Author = {Z. Chen and D. Dunson},
	Title = {Random effects selection in linear mixed models},
	Journal = {Biometrics},
	Volume = {59},
	Pages = {762--769},
	Year = {2003}
}

@article{wong:03,
	Author = {F. Wong and C. Carter and R. Kohn},
	Title = {Efficient estimation of covariance selection models},
	Journal = {Biometrika},
	Volume = {90},
	Pages = {809--830},
	Year = {2003}
}

@article{beal:06,
	Author = {M. Beal and Z. Ghahramani},
	Title = {Variational {B}aeysian learning of directed graphical models with hidden variables},
	Journal = {Bayesian Analysis},
	Volume = {1},
	Pages = {793--832},
	Year = {2006}
}

@article{neal:01,
	Author = {R. Neal},
	Title = {Annealed importance sampling},
	Journal = {Statistics and Computing},
	Volume = {11},
	Pages = {125--139},
	Year = {2001}
}

@article{awadhi:98,
	Author = {A. Al-Awadhi and P. Garthwaite},
	Title = {An elicitation method for multivariate normal distributions},
	Journal = {Communications in Statistics - Theory and Methods},
	Volume = {27},
	Pages = {1123--1142},
	Year = {1998}
}

@article{girard:03,
	Author = {A. Girard and C. Rasmussen and J. Candela and R. Murray-Smith},
	Title = {Gaussian process priors with uncertain inputs $-$ application to multiple-step
                 ahead time series forecasting},
	Journal = {Neural Information Processing Systems},
	Year = {2003}
}

@book{gelman:07,
	Author = {A. Gelman and J. Hill},
	Publisher = {Cambridge University Press},
	Title = {Data Analysis Using Multilevel/Hierarchical Models},
	Year = {2007}
}

@book{manning:08,
	Author = {C. Manning and P. Raghavan and H. Sch\"{u}tze},
	Publisher = {Cambridge University Press},
	Title = {Introduction to Information Retrieval},
	Year = {2008}
}

@book{karsten:07,
  Author = {K. Borgwardt},
	Publisher = {PhD Thesis, Ludwig-Maximilians-University Munich},
	Title = {Graph Kernels},
	Year = {2007}
}

@article{wood:06,
   author = {F. Wood and T. Griffiths and Z. Ghahramani},
   title = {A non-parametric {B}ayesian method for inferring hidden causes},
   journal = {Uncertainty in Artificial Intelligence},   
   year = {2006}
}

@article{zou:06,
   author = {H. Zou and T. Hastie and R. Tibshirani},
   journal = {Journal of Computational and Graphical Statistics},
   title = {Sparse principal component analysis},
   pages = {265--286},
   year = {2006}
}

@article{palomo:07,
   author = {J. Palomo and D. Dunson and K. Bollen},
   title = {{B}ayesian structural equation modeling},
   pages = {163--188},
   journal = {In Sik-Yum Lee (ed.), Handbook of Latent Variable and Related Models},
   year = {2007},
   publisher = {Elsevier Publishing}
}

@article{segal:05,
  author = {E. Segal and D. Pe'er and A. Regev and D. Koller and N. Friedman}, 
  title  = {Learning Module Networks},
  journal = {Journal of Machine Learning Research},
  volume = {6},
  pages = {557-588},
  year = {2005}
}

@article{lawrence:05,
  author = {N. D. Lawrence},
  title = {Probabilistic non-linear principal component analysis with {G}aussian process latent variable models},
  journal = {Journal of Machine Learning Research},
  volume = {6},
  pages = {1783--1816},
  year = {2005}
}

@article{titsias:08,
  author = {M. Titsias and N. D. Lawrence and M. Rattray},
  title = {Efficient sampling for {G}aussian process inference using control variables},
  journal = {NIPS},
  year = {2008}
 }

@article{lawrence:07,
  author = {N. D. Lawrence and A. J. Moore},
  title = {Hierarchical {G}aussian process latent variable models},
  journal = {International Conference in Machine Learning},
  year = {2007}
}

@article{wain:08, 
  author = {M. Wainwright and M. Jordan},
  title = {Graphical models, exponential families, and variational inference},  
  journal = {Foundations and Trends in Machine Learning},
  volume = {1},
  pages = {1--305},
  year = {2008}
}

@article{friedman:00b, 
  author = {N. Friedman and I. Nachman},
  title = {Gaussian process networks},
  journal = {Uncertainty in Artificial Intelligence},
  year = {2000}
}

@article{silva:09,
   author = {R. Silva and Z. Ghahramani},
   title = {The hidden life of latent variables: {B}ayesian learning with mixed graph models},
   journal = {Journal of Machine Learning Research},
   volume = {10},
   pages = {1187--1238},
   year = {2009}
}

@article{huang:08,
  author = "J. Huang and B. Frey",
  year = "2008",
  title = "Cumulative distribution networks and the derivative-sum-product algorithm",
  journal = "Proceedings of the 24th Conference on Uncertainty in Artificial Intelligence" 
}

@article{jacobs:91,
  author = "R. Jacobs and M. Jordan and S. Nowlan and G. Hinton",
  year = "1991",
  title = "Adaptive mixtures of local experts",
  volume = {3},
  pages = {79--87},  
  journal = "Neural Computation"
}

@article{gretton:07,
  Author = {A. Gretton and K. Fukumizu and C. Teo and L. Song and B. Sch\"{o}lkopf and A. Smola},
  Title = {A Kernel Statistical Test of Independence},
  Journal = {Neural Information Processing Systems},
  Year = {2007}
}

@misc{uci:07,
  author = "A. Asuncion and D.J. Newman",
  year = "2007",
  title = "{UCI} Machine Learning Repository",
  institution = "University of California, Irvine, School of Information and Computer Sciences" 
}

@article{fan:93,
   author = {J. Fan and Y. Truong},
   title = {Nonparametric regression with errors-in-variables},
   journal = {Annals of Statistics},
   volume = {21},
   pages = {1900--1925},
   year = {1993}
}

@article{masry:03,
   author = {E. Masry},
   title = {Deconvolving Multivariate Kernel Density Estimates From Contaminated Associated Observations},
   journal = {{IEEE} Transactions on Information Theory},
   volume = {49},
   pages = {2941--2952},
   year = {2003}
}   

@article{snelson:06,
   author = {E. Snelson and Z. Ghahramani},
   title = {Sparse {G}aussian processes using pseudo-inputs},
   journal = {Neural Information Processing Systems},
   volume = {18},
   year = {2006}
}   

@book{rassmilliams:06,
   author = {C. Rasmussen and C. Williams},
   title = {Gaussian {P}rocesses for {M}achine {L}earning},
   publisher = {MIT Press},
   year = {2006}
}

@article{ko:09,
   title = {{GP}-{B}ayes{F}ilters: {B}ayesian Filtering Using {G}aussian Process Prediction 
            and Observation Models},
   author = {J. Ko and D. Fox},
   journal = {Autonomous Robots},
   year = {2009}
}

@book{bart:08,
   author = {D. Bartholomew and F. Steele and I. Moustaki and J. Galbraith},
   title = {Analysis of Multivariate Social Science Data, 2nd edition},
   publisher = {Chapman \& Hall},
   year = {2008}
}

@article{carvalho:08,
   title = {Particle Learning and Smoothing},
   author = {C. Carvalho and M. Johannes and H. Lopes and N. Polson},
   journal = {University of Chicago, Working paper},
   year = {2008}
}

@article{hoyer:08b,
   author = {P. Hoyer and S. Shimizu and A. Kerminen and M. Palviainen},
   title = {Estimation of causal effects using linear non-{G}aussian causal models with hidden variables},
   journal = {International Journal of Approximate Reasoning},
   volume = {49},
   pages = {362--378},
   year = {2008}
}

@article{gramacy:08b,
   author = {R. Gramacy and H. K. Lee},
   title = {Bayesian treed Gaussian process models with an application to computer modeling},
   journal = {Journal of the American Statistical Association},
   volume = {103},
   pages = {1119--1130},
   year = {2008}
}

@article{gosling:07,
   author = {J. Gosling and J. Oakley and A. O'Hagan},
   title = {Nonparametric elicitation for heavy-tailed prior distributions},
   journal = {Bayesian Analysis},
   volume = {2},
   pages = {693--718},
   year = {2007}
}

@article{titsias:08,
   author = {M. Titsias and N. D. Lawrence and M. Rattray},
   title = {Efficient sampling for {G}aussian process inference using control variables},
   journal = {Neural Information Processing Systems},
   year = {2008}
}

@article{bengio:07,
   author = {Y. Bengio and Y. Le Cun}, 
   title = {Scaling Learning Algorithms towards {AI}},
   journal = {Large Scale Kernel Machines},
   published = {MIT Press}, 
   year = {2007}
}

@article{hinton:06,
   author = {G. Hinton and R. Salakhutdinov},
   title = {Reducing the dimensionality of data with neural networks},
   journal = {Science},
   volume = {313},
   number = {5786},
   pages = {504--507},
   year = {2006}
}

@article{sullivant:08,
   author = {S. Sullivant and K. Talaska},
   title = {Trek separation for {G}aussian graphical models},
   journal = {arxiv::0812.1938},
   year = {2008}
}

@article{shimizu:06,
   title = {A Linear Non-Gaussian Acyclic Model for Causal Discovery},
   author = {S. Shimizu and P. Hoyer and A. Hyv\"{a}rinen and Antti Kerminen},
   journal = {Journal of Machine Learning Research},
   volume = {7},
   pages = {2003--2030},
   year = {2006}
}

@article{bic:78,
   author = {G. Schwarz},
   title = {Estimating the dimension of a model},
   journal = {Annals of Statistics},
   volumne = {6},
   pages = {461--464},
   year = {1978}
}

@article{muggleton:91,
   author = {S. Muggleton},
   title = {Inverting the resolution principle},
   journal = {Machine Intelligence},
   volume = {12},
   pages = {93--104},
   year = {1981}
}

@article{kok:07,
   author = {S. Kok and P. Domingos},
   title = {Statistical Predicate Invention},
   journal = {24th International Conference on Machine Learning},
   volume = {12},
   pages = {93--104},
   year = {2007}
}

@book{dzeroski:01,
  author = {S. D\v{z}eroski and N. Lavra\v{c}},
  title = {Relational Data Mining}, 
  publisher = {Springer-Verlag},
  year = {2001}
}

@book{getoor:07,
  author = {L. Getoor and B. Taskar},
  title = {Introduction to Statistical Relational Learning}, 
  publisher = {MIT Press},
  year = {2007}
}

@article{veloso:93,
  author = {M. Veloso and J. Carbonell},
  title = {Derivational Analogy in {PRODIGY}: Automating Case Acquisition, Storage and Utilization},
  journal = {Machine Learning},
  volume = {10},
  page = {249--278},
  year = {1993}
 }

@article{tenenbaum:01,
  author = {J. Tenenbaum and T. Griffiths},
  title = {Generalization, similarity, and {B}ayesian inference},
  journal = {Behavioral and Brain Sciences},
  volume = {24},
  pages = {629-â641},
  year = {2001}
}

@article{rumelhart:73,
  author = {D. Rumelhart and A. Abrahamson},
  title = {A model for analogical reasoning},
  journal = {Cognitive Psychology},
  volume = {5},
  pages = {1--28},
  year = {1973}
 }
 
@article{stephens:01,
  author = {M. Stephens and M. Palakal and S. Mukhopadhyay and R. Raje and J. Mostafa},
  title = {Detecting gene relations from {MEDLINE} abstracts},
  journal = {Proceedings of the Sixth Annual Pacific Symposium on Biocomputing},
  pages = {483--496},
  year = {2001}
}

@article{wang:09,
  author = {X-J. Wang and X. Tu and D. Feng and L. Zhang},
  title = {Ranking Community Answers by Modeling Question-Answer Relationships via Analogical Reasoning},
  journal = {Proceedings of the 32nd Annual ACM SIGIR Conference on Research \& Development on Information Retrieval},
  year = {2009}
}

@article{cafarella:06,
  author = {M. Cafarella and M. Banko and O. Etzioni},
  title = {Relational Web Search},
  journal = {University of Washington, Department of Computer Science and Engineering, Technical Report 2006-04-02},
  year = {2006}
}

@article{turney:08,
  author = {P. Turney},
  title = {The latent relation mapping engine: Algorithm and experiments},
  journal = {Journal of Artificial Intelligence Research},
  volume = {33},
  pages = {615--655},
  year = {2008}
}

@article{leplin:04,
  author = {J. Leplin},
  title = {A theory's predictive success can warrant belief in the unobservable
           entities it postulates},  
  journal = {In C. Hitchcock (Ed.), Contemporary Debates in Philosophy of Science},
  pages = {117--132},
  year = {2004}
}

@article{gelman:92,
  author = {A. Gelman and D. Rubin},
  title = {Inference from iterative simulation using multiple sequences},  
  journal = {Statistical Science},
  volume = {7},
  pages = {457--472},
  year = {1992}
}

@article{aspa:09,
  author = {T. Asparouhov and Bengt Muth\'{e}n},
  title = {Exploratory Structural Equation Modeling},
  journal = {Structural Equation Modeling},
  volume = {16},
  pages = {397--438},
  year = {2009}
}

@article{titsias:09,
  author = {M. Titsias},
  title = {Variational learning of inducing variables in sparse {G}aussian processes},
  journal = {International Conference on Artificial Intelligence and Statistics},
  year = {2009}
}

@article{titsias:09b,
  author = {M. Titsias and N. Lawrence and M. Rattray},
  title = {Efficient Sampling for {G}aussian Process Inference using Control Variables},
  journal = {Neural Information Processing Systems},
  year = {2009}
}

@article{harrison:78,
  author = {D. Harrison and D. Rubinfeld},
  title = {Hedonic prices and the demand for clean air},
  journal = {Journal of Environmental Economics \& Management},
  volume = {5},
  pages = {81--102},
  year = {1978}
}

@article{turney:08u,
  author = {P. Turney},
  title = {A uniform approach to analogies, synonyms, antonyms, and associations},
  journal = {Proceedings of the 22nd International Conference on Computational Linguistics (COLING-08)},
  pages = {905--912},
  year = {2008}
}

@article{gentner:98,
  title = {Similarity and the development of rules},
  author = {D. Gentner and J. Medina},
  journal = {Cognition},
  volume = {65},
  number = {2-3},
  pages = {263--297},
  year = {1998}
}

@article{qin:01,
  author = {D. Qin and C. Gilbert},
  title = {The error term in the history of time series econometrics},
  journal = {Econometric Theory},
  volume = {17},
  pages = {424--450},
  year = {2001}
}

@article{murphy:02,
   author = {K. Murphy},
   title = {Dynamic {B}ayesian {N}etworks: {R}epresentation, {I}nference and {L}earning},
   journal = {University of California, Berkeley, PhD Thesis},
   year = {2002}
}
 
@book{boxjenkins:08,
   author = {G. Box and G. Jenkins and G. Reinse},
   title = {Time Series Analysis: Forecasting and Control, 4nd edition},
   publisher = {Wiley},
   year = {2008}
}

@article{liebscher:08,
   author = {E. Liebscher},
   title = {Construction of asymmetric multivariate copulas},
   journal = {Journal of Multivariate Analysis},
   volume = {99},
   pages = {2234--2250},
   year = {2008}
}

@book{west:97,
   author = {M. West and J. Harrison},
   title = {Bayesian Forecasting and Dynamic Models},
   publisher = {Springer},
   year = {1997}
}

@article{mavridis:09,
   author = {D. Mavridis and I. Moustaki},
   title = {The forward search algorithm for detecting aberrant response patterns in factor analysis for binary data},
   journal ={Journal of Computational and Graphical Statistics},
   volume = {18},
   pages = {1016--1034},
   year = {2009}
}

@article{tib:96,   
   author = {R. Tibshirani},
   title = {Regression shrinkage and selection via the lasso},
   journal = {Journal of the Royal Statistical Society, Series B},
   volume = {58},
   pages = {267--288},
   year = {1996}
}   

@article{knowles:07,
   author = {D. Knowles and Z. Ghahramani},
   title = {Infinite Sparse Factor Analysis and Infinite Independent Components Analysis},
   journal = {7th International Conference on Independent Component Analysis and Signal Separation (ICA 2007)},
   year = {2007}
}      

@article{seeger:08,   
   author = {M. Seeger},
   title = {Bayesian Inference and Optimal Design for the Sparse Linear Model},
   journal = {Journal of Machine Learning Research},
   volume = {9},
   pages = {759--813},
   year = {2008}
}   

@article{rattray:09,   
   author = {M. Rattray and O. Stegle and K. Sharp and J. Winn},
   title = {Inference algorithms and learning theory for {B}ayesian sparse factor analysis},
   journal = {Proceedings of the International Workshop on Statistical-Mechanical Informatics, Journal of Physics A Conf. Series},
   year = {2009}
}   

@article{edwards:03,   
   author = {Y. Edwards and G. Allenby},
   title = {Multivariate analysis of multiple response data},
   journal = {Journal of Marketing Research},
   volume = {40},
   pages = {321--334},
   year = {2003}
}   

@article{mansinghka:06,
   author = {V. Mansinghka and C. Kemp and J. Tenenbaum and T. Griffiths},
   title = {Structured Priors for Structure Learning},
   journal = {Proceedings of the $22^{nd}$ Conference on Uncertainty in Artificial Intelligence},
   year = {2006}
}
   
@article{silva:10,
   author = {R. Silva and R. Gramacy},
   title = {Gaussian process structural equation models with latent variables},
   journal = {Proceedings of the 26th Conference on Uncertainty in Artificial Intelligence},
   pages = {537--545},
   year = {2010}
}

@article{adams:10,
   author = {R. Adams and H. Wallach and Z. Ghahramani},
   title = {Learning the Structure of Deep Sparse Graphical Models},   
   journal = {In Proceedings of the 13th International Conference on Artificial Intelligence and Statistics},
   pages = {1--8},
   year = {2010}
}

@article{khare:09,
   author = {K. Khare and B. Rajaratnam},
   title = {Wishart Distributions for Covariance Graph Models},
   journal = {Technical Report. Department of Statistics, Stanford University},
   year = {2009}
}

@article{doshi:09,
   author = {F. Doshi-Velez and Z. Ghahramani},
   title = {Correlated Non-Parametric Latent Feature Models},
   journal = {Uncertainty in Artificial Intelligence},
   pages = {143--150},
   year = {2009}
}   

@article{huang:10,
   author = {J. Huang and N. Jojic},
   title = {Maximum-likelihood learning of cumulative distribution functions on graphs},
   journal = {13th International Conference on Artificial Intelligence and Statistics, AISTATS},
   year = {2010}
}   

@book{mackay:03,
	Author = {D. MacKay},	
	Title = {Information Theory, Inference, and Learning Algorithms},
	Publisher = {Cambridge University Press},
	Year = {2003}
}
              
@article{jenison:04,   
   author = {R. Jenison and R. Reale},
   title = {The shape of neural dependence},
   journal = {Neural Computation},
   volume = {16},
   pages = {665--672},
   year = {2004}
}   

@book{huang:09,
   author = {J. Huang},
   title = {Cumulative Distribution Networks: Inference, Estimation and Applications of Graphical Models for Cumulative Distribution Functions},
   publisher = {PhD Thesis, University of Toronto, Department of Computer Science},
   year = {2009}
}   

@article{richardson:09,
   author = {T. Richardson},
   title = {A factorization criterion for acyclic directed mixed graphs},
   journal = {Proceedings of the 25th International Conference on Uncertainty in Artificial Intelligence},
   year = {2009}
}   

@article{drton:09,
   author = {M. Drton},
   title = {Discrete chain graph models},
   journal = {Bernoulli},
   volume = {15},
   pages = {736--753},
   year = {2009}
}   

@article{zhang:08,
   author = {J. Zhang},
   title = {Causal reasoning with ancestral graphs},
   journal = {Journal of Machine Learning Research},
   volume = {9},
   pages = {1437--1474},
   year = {2008}
}   

@article{pellet:08,
   author = {J.-P. Pellet},
   title = {Finding Latent Causes in Causal Networks: an Efficient Approach Based on {M}arkov Blankets},
   journal = {Neural Information Processing Systems},
   year = {2008}
}   

@book{pearl:09,
	Author = {J. Pearl},
	Publisher = {Cambridge University Press},
	Title = {Causality: {M}odels, {R}easoning and {I}nference, 2nd edition},
	Year = {2009}
}

@article{spirtes:01,
	Author = {P. Spirtes},
	Title = {An anytime algorithm for causal inference},
	Journal = {Proceedings of the 8th International Workshop on Artificial Intelligence and Statistics ({AISTATS} 2001)},
	Pages = {213--221},
	Year = {2001}
}

@article{cudeck:00,
   author = {R. Cudeck},
   title = {An estimate of the covariance between variables which are not jointly observed},
   journal = {Psychometrika},
   volume = {65},
   number = {4},
   pages = {539--546},
   year = {2000}
}   

@article{hoyer:09,
	Author = {P. Hoyer and D. Janzing and J. Mooij and J. Peters and B. Sch\"{o}lkopf},
	Title = {Nonlinear causal discovery with additive noise models},
	Journal = {Neural Information Processing Systems 21 (NIPS 2008)},
	Pages = {689--696},
	Year = {2009}
}

@article{varin:05,
   author = {C. Varin and P. Vidoni},
   title = {A note on composite likelihood inference and model selection},
   journal = {Biometrika},
   volume = {92},
   number = {3},
   pages = {519--528},
   year = {2005}
}   

@article{cussens:08,
	Author = {J. Cussens},
	Title = {Bayesian network learning by compiling to weighted {MAX-SAT}},
	Journal = {Proceedings of the 24th Conference on Uncertainty in Artificial Intelligence ({UAI 2008})},
	Pages = {105--112},
	Year = {2008}
}

@article{jaa:10,
	Author = {T. Jaakkola and D. Sontag and A. Globerson and M. Meila},
	Title = {Learning {B}ayesian network structure using {LP} relaxations},
	Journal = {Proceedings of the 13th International Conference on Artificial Intelligence and Statistics ({AISTATS 2010})},
	Pages = {366--373},
	Year = {2010}
}

@article{stanton:02,
	Author = {J. Stanton and E. Sinar and W. Balzer and P. Smith},
	Title = {Issues and strategies for reducing the length of self-reported scales},
	Journal = {Personnel Psychology},
	Pages = {167--194},
	Volume = {55},
	Year = {2002}
}

@book{bishop:07,
	Author = {C. Bishop},
	Title = {Pattern Recognition and Machine Learning},
	Publisher = {Springer},	
	Year = {2009}
}

@article{hahn:10,
	Author = {P. Hahn and J. Scott and C. Carvalho},
	Title = {A Sparse Factor-Analytic Probit Model for Congressional Voting Patterns},
	Journal = {Duke University Department of Statistical Science, Discussion Paper 2009-22},
	Year = {2010}
}

@article{genz:92,
  Author = {A. Genz},
	Title = {Numerical Computation of Multivariate Normal Probabilities},
	Journal = {Journal of Computational and Graphical Statistics},
	Volume = {1},
	Pages = {141--149},
	Year = {1992}
}	

@article{globerson:07,
  Author = {A. Globerson and T. Jaakkola},
	Title = {Approximate inference using conditional entropy decompositions},
	Journal = {Proceedings of the 11th International Conference on Artificial Intelligence and Statistics ({AISTATS 2007})},
	Pages = {141--149},
	Year = {2007}
}	

@article{marsh:98,
  Author  = {H. Marsh and K-T. Hau and J. Balla and D. Grayson},
	Title   = {Is more ever too much? The number of indicators per factor in confirmatory factor analysis},
	Journal = {Multivariate Behavioral Research},
	Volume  = {33},
	Pages   = {181--220},
	Year    = {1998}
}	

@article{leite:08,
  Author  = {W. Leite and I-C. Huang and G. Marcoulides},
	Title   = {Item selection for the development of short forms of scales using an ant colony optimization algorithm},
	Journal = {Multivariate Behavioral Research},
	Volume  = {43},
	Pages   = {411--431},
	Year    = {2008}
}	

@article{richins:04,
  Author  = {M. Richins},
	Title   = {The Material Values Scale: Measurement Properties and Development of a Short Form},
	Journal = {The Journal of Consumer Research},
	Volume  = {31},
	Pages   = {209--219},
	Year    = {2004}
}	

@article{liang:09,
    Author  = {P. Liang and M. Jordan and D. Klein},
	Title   = {Learning from measurements in exponential families},
	Journal = {Proceedings of the 26th Annual International Conference on Machine Learning (ICML '09)},
	Year    = {2009}
}	

@article{glover:74,
  Author  = {F. Glover and E. Woolsey},
	Title   = {Converting the 0-1 Polynomial Programming Problem to a 0-1 Linear Program},
	Journal = {Operations Research},
	Volume  = {22},
	Pages   = {180--182},
	Year    = {1974}
}	

@article{chen:10,
  Author  = {X. Chen and C. Zou and R. Cook},
	Title   = {Coordinate-independent sparse sufficient dimension reduction and variable selection},
	Journal = {Annals of Statistics},
	Volume  = {38},
	Pages   = {3696--3723},
	Year    = {2010}
}	

@article{teyssier:05,
  title = {Ordering-based Search: A Simple and Effective Algorithm for Learning {B}ayesian Networks},
  author = {M. Teyssier and D. Koller},
  journal = {Proceedings of the Twenty-first Conference on Uncertainty in AI (UAI2005)},  
  year = {2005},
  pages = {584--590},
}

@article{nhs:10,
  title = {Aston {B}usiness {S}chool,  {N}ational {H}ealth {S}ervice {N}ational {S}taff {S}urvey, 2009 [computer file]},
  author = {Care Quality Commission and Aston University},
  journal = {Colchester, Essex: UK Data Archive [distributor], October 2010. Available at {\sc https://www.esds.ac.uk}, SN: 6570},
  year = {2010}
}

@article{nhs:10,
  title = {Aston {B}usiness {S}chool,  {N}ational {H}ealth {S}ervice {N}ational {S}taff {S}urvey, 2009 [computer file]},
  author = {Care Quality Commission and Aston University},
  journal = {Colchester, Essex: UK Data Archive [distributor], October 2010. Available at {\sc https://www.esds.ac.uk}, SN: 6570},
  year = {2010}
}

@article{minka:05,
  author = {T. Minka},
  title = {Divergence measures and message passing},
  journal = {Microsoft Research Technical Report (MSR-TR-2005-173)},
  year = {2005}
}

@article{minka:05,
  author = {T. Minka},
  title = {Divergence measures and message passing},
  journal = {Microsoft Research Technical Report (MSR-TR-2005-173)},
  year = {2005}
}

@article{liu:01,
  author = {J. Liu and M. West},
  title = {Combining parameter and state estimation in simulation-based filtering},
  journal = {In A. Doucet, N. de Freitas and N. Gordon (editors), Sequential Monte Carlo Methods in Practice},
  pages = {197--223},
  year = {2001}
}

@book{easley:10,
	Author = {D. Easley and J. Kleinberg},
  Title = {Networks, Crowds, and Markets: Reasoning About a Highly Connected World},
  Publisher = {Cambridge University Press},
  Year = {2010}
}

@article{titsias:10,
  author = {M. Titsias and N. Lawrence},
  title = {Bayesian {G}aussian process latent variable model},
  journal = {Proceedings of the Thirteenth International Workshop on Artificial Intelligence and Statistics},
  pages = {844--851},
  year = {2010}
}

@article{airoldi:08,
  author = {E. Airoldi and D. Blei and S. Fienberg and E. Xing},
  title = {Mixed Membership Stochastic Blockmodels},
  journal = {Journal of Machine Learning Research},
  volume = {9},
  pages = {1981--2014},
  year = {2008}
}

@article{chang:09,
  author = {J. Chang and D. Blei},
  title = {Relational Topic Models for Document Networks},
  journal = {Proceedings of the 12th International Conference on Artificial Intelligence and Statistics (AISTATS '09)},
  pages = {81--88},
  year = {2009}
}

@article{waha:10,
  author = {M. Wahabzada and Z. Xu and K. Kersting},
  title = {Topic models conditioned on relations},
  journal = {Proceedings of the 2010 European Conference on Machine learning and Knowledge Discovery in Databases (ECML '10)},
  year = {2010}
}

@article{silva:11a,
  author = {R. Silva and C. Blundell and Y. W. Teh},
  title = {Mixed cumulative distribution networks},
  journal = {Proceedings of the 14th International Conference on Artificial Intelligence and Statistics (AISTATS '11)},
  year = {2011}
}

@article{silva:11c,
  author = {R. Silva},
  title = {A {MCMC} Approach for Learning the Structure of {G}aussian Acyclic Directed Mixed Graphs},
  journal = {Proceedings of the 8th Scientific Meeting of the Classification and Data Analysis Group of the Italian Statistical Society (invited paper), CLADAG 2011},
  year = {2011}
}

@article{silva:10b,
  author = {R. Silva},
  title = {Measuring latent causal structure},
  journal = {In P. McKay Illari, F. Russo and J. Williamson (eds.), Causality in the Sciences},
  pages = {673--696},
  publisher = {Oxford University Press},
  year = {2010}
}

@article{silva:09b,
  author = {R. Silva and R. Gramacy},
  title = {{MCMC} methods for {B}ayesian mixtures of copulas},
  journal = {Proceedings of the 12th International Conference on Artificial Intelligence and Statistics (AISTATS '09)},
  pages = {512--519},
  year = {2009}
}

@article{silva:10c,
  author = {R. Silva and K. Heller and Z. Ghahramani and E. Airoldi},
  title = {Ranking relations using analogies in biological and information networks},
  journal = {Annals of Applied Statistics},
  volume = {4},
  pages = {615--644},
  year = {2010}
}

@article{henao:11,
  author = {R. Henao and O. Winther},
  title = {Sparse Linear Identifiable Multivariate Modeling},
  journal = {Journal of Machine Learning Research},
  volume = {12},
  pages = {863--950},
  year = {2011}
}

@article{dobra:11a,
  author = {A. Dobra and A. Lenkoski and A. Rodriguez},
  title = {Bayesian inference for general {G}aussian graphical models with application to multivariate lattice data},
  journal = {Journal of the American Statistical Association, to appear},
  year = {2011}
}

@article{dobra:11,
  author = {A. Dobra and A. Lenkoski},
  title = {Copula Gaussian graphical models and their application to modeling functional disability data},
  journal = {Annals of Applied Statistics, to appear},
  year = {2011}
}

@article{girolami:11,
  author = {M. Girolami and B. Calderhead},
  title = {Riemann manifold {L}angevin and {H}amiltonian {M}onte {C}arlo methods},
  journal = {Journal of the Royal Statistical Society, Series B},
  volume = {73},
  pages = {123--214},
  year = {2011}
}

@article{murray:10,
  author = {I. Murray and R. P. Adams},
  title = {Slice sampling covariance hyperparameters of latent {G}aussian models},
  journal = {Neural Information Processing Systems},
  year = {2010}
}

@article{varin:11,
  author = {C. Varin and N. Reid and D. Firth},
  title = {An overview of composite likelihood methods},
  journal = {Statistica Sinica},
  volume = {21},
  pages = {5--42},
  year = {2011}
}

@article{sutton:09,
  author = {C. Sutton and A. McCallum},
  title = {Piecewise Training for Structured Prediction},
  journal = {Machine Learning},
  volume = {77},
  pages = {165--194},
  year = {2009}
}

@article{joreskog:01,
  author = {K. Joreskog and I. Moustaki},
  title = {Factor Analysis for Ordinal Variables: a Comparison of three approaches},
  journal = {Multivariate Behavioural Research},
  volume = {36},
  pages = {347--387},
  year = {2001}
}

@article{silva:11d,
  author = {R. Silva},
  title = {Thinning measurement models and questionnaire design},
  journal = {Submitted},
  year = {2011}
}

@article{alvarez:11,
  author = {M. \'{A}lvarez and N. Lawrence},
  title = {Computationally efficient convolved multiple output {G}aussian processes},
  journal = {Journal of Machine Learning Research},
  volume = {12},
  pages = {1425--1466},
  year = {2011}
}

@article{teh:05,
  author = {Y.-W. Teh and M. Seeger and M. Jordan},
  title = {Semiparametric Latent Factor Models},
  journal = {Proceedings of 10th Workshop on Artificial Intelligence and Statistics (AISTATS '05)},
  year = {2005}
}

@article{carvalho:08b,   
   author = {C. Carvalho and J. Chang and J. Lucas and J. Nevins and Q. Wang and M. West},
   title = {High-dimensional sparse factor modeling: applications in gene expression genomics},
   journal = {Journal of the American Statistical Association},
   volume = {103},
   pages = {1438--1456},
   year = {2008}
}   

@article{huang:11,   
   author = {J. Huang and B. Frey},
   title = {Cumulative Distribution Networks and the Derivative-sum-product Algorithm: Models and Inference for Cumulative Distribution Functions on Graphs},
   journal = {Journal of Machine Learning Research},
   volume = {12},
   pages = {301--348},
   year = {2011}
}   

@article{rai:08,
  author = {P. Rai and H. Daume},
  title = {The Infinite Hierarchical Factor Regression Model},
  journal = {Neural Information Processing Systems},
  pages = {1321--1328},
  year = {2008}
}

@article{kulesza:11,
  title = {k-{DPP}s: fixed-size determinantal point processes},
  author = {A. Kulesza and B. Taskar},
  journal = {Proceedings of the 28th International Conference on Machine Learning (ICML)},
  pages = {1193--1200},
  year = {2011}
}

@article{duvenaud:08,
  title = {Causal learning without {DAGs}},
  author = {D. Duvenaud and D. Eaton and K. Murphy and M. Schmidt},
  journal = {JMLR Workshop and Conference Proceedings},
  volume = {6},
  pages = {177–190},
  year = {2008}
}

@book{wu:11,
  author = {C. Wu and M. Hamada},
  title = {Experiments: Planning, Analysis, and Optimization},
  publisher = {Wiley},
  edition = {2nd},
  year = {2011}
}

@article{eberhardt:10,
  title = {Combining Experiments to Discover Linear Cyclic Models with Latent Variables},
  author = {F. Eberhardt and P. Hoyer and R. Scheines},
  journal = {Journal of Machine Learning, Workshop and Conference Proceedings (AISTATS 2010)},
  volume = {9},
  pages = {185--192},
  year = {2010}
}

@article{kaufmann:12,
  title = {On {B}ayesian Upper Confidence Bounds for Bandit Problems},
  author = {E. Kaufmann and O. Capp\'{e} and A. Garivier},
  journal = {Journal of Machine Learning, Workshop and Conference Proceedings (AISTATS 2012)},
  volume = {22},
  pages = {592--600},
  year = {2012}
}

@article{zhang:09,
  title = {On the Identifiability of the Post-Nonlinear Causal Model},
  author = {K. Zhang and A. Hyv\"{a}rinen},
  journal = {25th Conference on Uncertainty in Artificial Intelligence (UAI 2009)},
  pages = {647--655},
  year = {2009}
}

@article{desautels:12,
  title = {Parallelizing Exploration-Exploitation Tradeoffs with {G}aussian Process Bandit Optimization},
  author = {T. Desautels and A. Krause and J. Burdick},
  journal = {International Conference on Machine Learning (ICML 2012)},
  year = {2012}
}

@article{deepay:07,
  title = {Multi-armed Bandit Problems with Dependent Arms},
  author = {S. Pandey and D. Chakrabarti and D. Agarwal},
  journal = {International Conference on Machine Learning (ICML 2007)},
  year = {2007}
}

@article{hoff:07,
  title = {Extending the rank likelihood for semiparametric copula estimation},
  author = {P. Hoff},
  journal = {Annals of Applied Statistics},
  volume = {1},  
  pages = {265--283},
  year = {2007}
}

@article{elidan:14,
  title = {Copulas in {M}achine {L}earning},
  author = {G. Elidan},
  journal = {Lecture Notes in Statistics},
  year = {to appear}
}

@article{bedford:02,
  title = {Vines: a new graphical model for dependent random variables},
  author = {T. Bedford and R. Cooke},
  journal = {Annals of Statistics},
  volume = {30},
  pages = {1031--1068},
  year = {2002}
}

@article{huang:10a,
  title = {Exact inference and learning for cumulative distribution functions on loopy graphs},
  author = {J.C. Huang and N. Jojic and C. Meek},
  journal = {Advances in Neural Information Processing Systems},
  volume = {23},
  pages = {874--882},
  year = {2010}
}

@article{walker:11,
  title = {Posterior sampling when the normalising constant is unknown},
  author = {S. Walker},
  journal = {Communications in Statistics - Simulation and Computation},
  volume = {40},
  pages = {784–-792},
  year = {2011}
}

@article{kschis:01,
  title = {Factor graphs and the sum-product algorithm},
  author = {F. Kschischang and B. Frey and J. Brendan and H-A. Loeliger},
  journal = {IEEE Transactions on Information Theory},
  volume = {47},
  pages = {498-–519},
  year = {2001}
}

@article{andrieu:09,
  title = {The pseudo-marginal approach for efficient {M}onte {C}arlo computations},
  author = {C. Andrieu and G. Roberts},
  journal = {The Annals of Statistics},
  volume = {37},
  pages = {697–-725},
  year = {2009}
}

@article{marshall:88,
  title = {Families of multivariate distributions},
  author = {A. Marshall and I. Olkin},
  journal = {Journal of the American Statistical Association},
  volume = {83},
  pages = {834--841},
  year = {1988}
}

@article{hofert:08,
  title = {Sampling {A}rchimedean copulas},
  author = {M. Hofert},
  journal = {Computational Statistics \& Data Analysis},
  volume = {52},
  pages = {5163-–5174},
  year = {2008}
}

@incollection{silva:13,
  author = {R. Silva},
  title = {A {MCMC} approach for Learning the Structure of {G}aussian Acyclic Directed Mixed Graphs}, 
  editor = {P. Giudici and S. Ingrassia and M. Vichi}, 
  booktitle = {Statistical Models for Data Analysis},
  pages = {343--352}, 
  publisher= {Springer},
  year = {2013}
}

@article{silva:12,
  title = {Latent composite likelihood learning for the structured canonical correlation model},
  author = {R. Silva},
  journal = {Proceedings of the 28th Conference on Uncertainty in Artificial Intelligence, UAI},
  year = {2012}
}

@incollection{dawid:03,
 author = {A.P. Dawid},
 title = {Causal inference using influence diagrams: the problem of partial compliance},
 editor = {P.J. Green and N.L. Hjort and S. Richardson},
 booktitle = {Highly Structured Stochastic Systems},
 publisher = { Oxford University Press},
 pages = {45--65},
 year = {2003}
}

@article{balke:97,
 author = {A. Balke and J. Pearl},
 title = {Bounds on treatment effects from studies with imperfect compliance},
 journal = {Journal of the American Statistical Association},
 pages = {1171--1176},
 year = {1997}
}

@article{ramsahai:12,
 author = {R. Ramsahai},
 title = {Causal bounds and observable constraints for non-deterministic models},
 journal = {Journal of Machine Learning Research},
 pages = {829--848},
 year = {2012}
}

@article{entner:13,
 author = {D. Entner and P. Hoyer and P. Spirtes},
 title = {Data-driven covariate selection for nonparametric estimation of causal effects},
 journal = {JMLR W\&CP: AISTATS 2013},
 volume = {31},
 pages = {256--264},
 year = {2013}
}

@book{angrist:09,
 author = {J. Angrist and J-S Pischke},
 title = {Mostly Harmeless Econometrics: An Empiricist's Companion},
 publisher = {Princeton University Press},
 year = {2009}
}

@article{ilya:11,
 author = {T. VanderWeele and I. Shpitser},
 title = {A new criterion for confounder selection},
 journal = {Biometrics},
 volume = {64},
 pages = {1406--1413},
 year = {2011}
}

@article{storey:07,
 author = {L. Chen and F. Emmert-Streib and J. D. Storey},
 title = {Harnessing naturally randomized transcription to infer regulatory relationships among genes},
 journal = {Genome Biology},
 volume = {8},
 pages = {R219},
 year = {2007}
}

@article{pearl:09a,
 author = {J. Pearl},
 title = {Myth, Confusion, and Science in Causal Analysis},
 journal = {UCLA Cognitive Systems Laboratory, Technical Report (R-348)},
 year = {2009}
}

@book{manski:07,
 author = {C. Manski},
 title = {Identification for Prediction and Decision},
 publisher = {Harvard University Press},
 year = {2007}
}

@article{meek:95,
 author = {C. Meek},
 title = {Strong completeness and faithfulness in {B}ayesian networks},
 journal = {Proceedings of the Eleventh Conference on Uncertainty in Artificial Intelligence (UAI1995)},
 pages = {411--418},
 year = {1995}
}

@article{robins:03,
 author = {J. Robins and R. Scheines and P. Spirtes and L. Wasserman},
 title = {Uniform consistency in causal inference},
 journal = {Biometrika},
 volume = {90},
 pages = {491--515},
 year = {2003}
}

@article{altonji:05,
 author = {J. Altonji and T. Elder and C. Taber},
 title = {Selection on Observed and Unobserved Variables: Assessing the Effectiveness of Catholic Schools},
 journal = {Journal of Political Economy},
 volume = {113},
 pages = {151--184},
 year = {2005}
}

@article{ramsahai:11,
 author = {R. Ramsahai and S. Lauritzen},
 title = {Likelihood analysis of the binary instrumental variable model},
 journal = {Biometrika},
 volume = {98},
 pages = {987--994},
 year = {2011}
}

@article{buntine:91,
 author = {W. Buntine},
 title = {Theory refinement on {B}ayesian networks},
 journal = {Proceedings of the 7th Conference on Uncertainty in Artificial Intelligence (UAI1991)},
 pages = {52--60},
 year = {1991}
}

@incollection{richardson:10a,
 author = {T. Richardson and J. Robins},
 title = {Analysis of the Binary Instrumental Variable Model},
 editor = {R. Dechter and H. Geffner and J.Y. Halpern},
 booktitle = {Heuristics, Probability and Causality: A Tribute to Judea Pearl},
 publisher = {College Publications},
 pages = {415--444},
 year = {2010}
}

@incollection{richardson:11,
 author = {T. Richardson and R. Evans and J. Robins},
 title = {Transparent Parameterizatios of Models for Potential Outcomes},
 editor = {J. Bernardo and M. Bayarri and J. Berger and A. Dawid and D. Heckerman and A. Smith and M. West},
 booktitle = {Bayesian Statistics 9},
 publisher = {Oxford University Press},
 pages = {569--610},
 year = {2011}
}

@article{mani:06,
 author = {S. Mani and G. Cooper and P. Spirtes},
 title = {A theoretical study of {Y} structures for causal discovery},
 journal = {Proceedings of the 22nd Conference on Uncertainty in Artificial Intelligence (UAI2006)},
 pages = {314--323},
 year = {2006}
}

@article{robin:12,
 author = {R. Evans},
 title = {Graphical methods for inequality constraints in marginalized {DAGs}},
 journal = {Proceedings of the 22nd Workshop on Machine Learning and Signal Processing},
 year = {2012}
}

@article{hirano:00,
 author = {K. Hirano and G. Imbens and D. Rubin and X.-H. Zhou},
 title = {Assessing the effect of an influenza vaccine in an encouragement design},
 journal = {Biometrics},
 volume = {1},
 pages = {69--88},
 year = {2000}
}

@article{mcdonald:92,
 author = {C. McDonald and S. Hiu and W. Tierney},
 title = {Effects of computer reminders for influenza vaccination on morbidity during influenza epidemics},
 journal = {MD Computing},
 volume = {9},
 pages = {304--312},
 year = {1992}
}

@article{haavelmo:43,
 author = {T. Haavelmo},
 title = {The Statistical Implications of a System of Simultaneous Equations},
 journal = {Econometrica},
 volume = {11},
 pages = {1--12},
 year = {1943}
}

@book{rothman:08,
 author = {K. Rothman and S. Greenland and T. Lash},
 title = {Modern Epidemiology},
 publisher = {Wolters Kluwer},
 year = {2008}
}

@article{rosenbaum:02,
 author = {P. Rosenbaum},
 title = {Covariance Adjustment in Randomized Experiments and Observational Studies},
 journal = {Statistical Science},
 volume = {17},
 number = {3},
 pages = {286--327},
 year = {2002}
}

@article{geiger:14,
 author = {P. Geiger and D. Janzing and B. Sch\"{o}lkopf},
 title = {Estimating Causal Effects by Bounding Confounding},
 journal = {Proceedings of the 30th Conference on Uncertainty in Artificial Intelligence},
 pages = {240--249},
 year = {2014}
}

@article{peters:14,
  author  = {J. Peters and J. M. Mooij and D. Janzing and B. Sch{\"o}lkopf},
  title   = {Causal Discovery with Continuous Additive Noise Models},
  journal = {Journal of Machine Learning Research},
  year    = {2014},
  volume  = {15},
  pages   = {2009-2053},
  url     = {http://jmlr.org/papers/v15/peters14a.html}
}


@article{entner:12,
  author = {D. Entner and P.O. Hoyer and P. Spirtes},
  title = {Statistical test for consistent estimation of causal effects in linear non-Gaussian models},
  journal = {Proceedings of the 15th International Conference on Artificial Intelligence and Statistics (AISTATS-2012)},
  pages = {364--372},
  year = {2012}
} 

@article{zhang:03,
  author = {J. Zhang and P. Spirtes},
  title = {Strong Faithfulness and Uniform Consistency in Causal Inference},
  journal = {Proceedings of the 19th Conference in Uncertainty in Artificial Intelligence (UAI-2013)},
  pages = {632--639},
  year = {2003}
} 

@article{richardson:13,
  author = {T.S. Richardson and J. Robins},
  title = {Single World Intervention Graphs ({SWIG}s): A Unification of the Counterfactual and Graphical Approaches to Causality},
  journal = {Working Paper Number 128, Center for Statistics and the Social Sciences, University of Washington},
  year = {2013}
}

@article{cooper:99b,
  author = {G. Cooper and C. Yoo},
  title = {Causal discovery from a mixture of experimental and observational data},
  journal = {Proceedings of the 15th conference on Uncertainty in Artificial Intelligencem (UAI-1999)},
  pages = {116--125},
  year = {1999}
} 

@article{dawid:00,
  author = {A. P. Dawid},
  title = {Causal inference without counterfactuals},
  journal = {Journal of the American Statistical Association},
  pages = {407--448},
  year = {2000}
} 

@article{rubin:05,
  author = {D. Rubin},
  title = {Causal Inference Using Potential Outcomes: Design, Modeling, Decisions},
  journal = {Journal of the American Statistical Association},
  pages = {322--331},
  year = {2005}
} 

@article{frederick:13,
  author = {A. Hyttinen and F. Eberhardt and P. O. Hoyer},
  title = {Experiment Selection for Causal Discovery},
  journal = {Journal of Machine Learning Research},
  volume = {14},
  pages = {3041--3071},
  year = {2013}
} 

@article{banavar:99,
 author = {J. R. Banavar and A. Maritan and A. Rinaldo},
 title = {Size and form in efficient transportation networks},
 journal = {Nature},
 volume = {399},
 pages = {130--132},
 year = {1999}
}

@article{Carey:1994uq,
	Author = {M. Carey and A. Kwieci\'nski},
	Date-Added = {2014-03-15 15:25:42 +0000},
	Date-Modified = {2014-03-15 15:27:36 +0000},
	Journal = {Transportation Resarch B},
	Number = {4},
	Pages = {251--267},
	Title = {Stochastic approximation to the effects of headways on knock-on delays of trains},
	Volume = {28B},
	Year = {1994}}

@article{Boelter:1960fk,
	Author = {L.~M.~K. Boelter and M.~C. Branch},
	Date-Added = {2014-03-15 15:20:51 +0000},
	Date-Modified = {2014-03-15 15:23:03 +0000},
	Journal = {Proceeding of the National Academy of Sciences},
	Number = {6},
	Pages = {824--831},
	Title = {Urban planning, transportation and system analysis},
	Volume = {46},
	Year = {1960}}

@article{guimera:94,
 author = {R. Guimer\`{a} and S. Mossa and A. Turtschi and L. A. N. Amaral},
 title = {The worldwide air transportation network: Anomalous centrality, community structure, and cities' global roles},
 journal = {Proceedings of the National Academy of Sciences},
 volume = {102},
 number = {22},
 pages = {7794--7799},
 year = {2004}
}

@article{barabasi:08,
 author = {M. C. Gonz\'{a}lez and C. A. Hidalgo and A.-L. Barab\'{a}si},
 title = {Understanding individual human mobility patterns},
 journal = {Nature},
 volume = {453},
 number = {5},
 pages = {779--782},
 year = {2008}
}

@article{rockman:08,
	Author = {M. V. Rockman},
	Journal = {Nature},
	Pages = {738--743},
	Title = {Reverse engineering the genotype-phenotype map with natural genetic variation},
	Volume = {456},
	Year = {2008}}

@misc{tfl:12,
  author = {Transport for London},
  title = {{TfL Factsheet}},
  year = {2012},
  howpublished = {https://www.tfl.gov.uk/cdn/static/cms/documents/tfl-factsheet.pdf},
  note = {Accessed: 2014-06-16}
}

@article{barabasi:07,
 author = {J.-P. Onnela and J. Saram\"{a}ki and J. Hyv\"{o}nen and G. Szab\'{o} and D. Lazer and K. Kaski and J. Kert\'{e}sz and A.-L. Barab\'{a}si},
 title = {Structure and tie strengths in mobile communication networks},
 journal = {Proceedings of the Natural Academy of Sciences},
 volume = {104},
 number = {18},
 pages = {7332--7336},
 year = {2007}
}

@article{lazer:09,
 author = {N. Eagle and A. Pentland and David Lazer},
 title = {Inferring friendship network structure by using mobile phone data},
 journal = {Proceedings of the Natural Academy of Sciences},
 volume = {106},
 number = {36},
 pages = {15274--15278},
 year = {2009}
}

@book{wood:06b,
 author = {S. Wood},
 title = {Generalized Additive Models: An Introduction with R},
 publisher = {Harvard University Press},
 year = {2006}
}

@article{khare:11,
   author = {K. Khare and B. Rajaratnam},
   title = {Wishart distributions for decomposable covariance graph models},
   journal = {The Annals of Statistics},
   number = {39},
   volume = {1},
   pages = {514--555},
   year = {2011}
}

@article{palla:12,
  title = {A nonparametric variable clustering model},
  author = {K. Palla and D. A. Knowles and Z. Ghahramani},
  journal = {Advances in Neural Information Processing Systems},
  volume = {25},
  pages = {2987--2995},
  year = {2012}
}

@book{pitman:06,
 author = {J. Pitman},
 title = {Combinatorial Stochastic Processes},
 publisher = {Springer-Verlag},
 year = {2006}
}

@article{silva:15a,
  author = {R. Silva and S. M. Kang and E. M. Airoldi},
  journal = {Proceedings of the National Academy of Sciences},
  title = {Predicting traffic volumes and estimating the effects of shocks in massive transportation systems},
  volume = {112},
  pages = {5643--5648},
  year = {2015}
}

@article{soong:11,
 author = {C. Roth and S. M. Kang and M. Batty and M. Barth\'{e}lemy},
 title = {Structure of Urban Movements: Polycentric Activity and Entangled Hierarchical Flows},
 journal = {PLoS ONE},
 volume = {6},
 number = {1},
 pages = {e15923},
 doi = {10.1371/journal.pone.0015923},
 year = {2011}
}

@misc{tfl:12b,
 Author = {{Transport for London}},
 Howpublished = {http://www.tfl.gov.uk/cdn/static/cms/ documents/travel-in-london-report-5.pdf},
 Note = {Accessed: 2013-05-26},
 Title = {Travel in {L}ondon, {R}eport 5},
 Year = {2012}}
 
@misc{tfl:12c,
 Author = {{Transport for London}},
 Howpublished = {https://www.tfl.gov.uk/info-for/media/press-releases/2012/june/join-in-the-celebrations-across-the-capital-this-summer-with-a-limited-edition-summer-oyster-card},
 Note = {Accessed: 2013-05-26},
 Title = {Join in the celebrations across the capital this {S}ummer with a limited edition {S}ummer {O}yster card},
 Year = {2012}
} 

@misc{tfl:03,
  Author = {{Transport for London}},
  Note = {Revised October 2010, March 2012 and January 2014},
  Title = {Rolling {O}rigin and {D}estination {S}urvey: {T}he complete guide},
  Year = {2003}
}

@incollection{mnih:08,
  title = {Probabilistic Matrix Factorization},
  author = {A. Mnih and R. Salakhutdinov},
  booktitle = {Advances in Neural Information Processing Systems 20},
  editor = {J.C. Platt and D. Koller and Y. Singer and S.T. Roweis},
  pages = {1257--1264},
  publisher = {Curran Associates, Inc.},
  year = {2008},
}

@book{morgan:14,
  author = {S. L. Morgan and C. Winship},
  title = {Counterfactuals and Causal Inference: Methods and Principles for Social Research},
  publisher = {Cambridge University Press},
  year = {2014}
}

@book{Imbens:2015fk,
	Author = {G.~W. Imbens and D.~B. Rubin},
	Date-Added = {2015-02-22 04:41:30 +0000},
	Date-Modified = {2015-02-22 04:42:41 +0000},
	Publisher = {Cambridge University Press},
	Title = {Causal Inference in Statistics, Social, and Biomedical Sciences: {A}n Introduction},
	Year = {2015}}

@book{dunning:12,
  author = {T. Dunning},
  title = {Natural Experiments in the Social Sciences},
  publisher = {Cambridge University Press},
  year = {2012}
}

@article{airoldi:13fk,
  Author = {E. M. Airoldi and A. Blocker},
  Journal = {Journal of the American Statistical Association},
  Number = {501},
  Pages = {149--164},
  Title = {Estimating latent processes on a network from indirect measurements},
  Volume = {108},
  Year = {2013}
}

@article{pakman:14,
  author = {A. Pakman and L. Paninski},
  title = {Exact {H}amiltonian {M}onte {C}arlo for truncated multivariate {G}aussians},  
  journal = {Journal of Computational and Graphical Statistics},
  volume = {23},
  pages = {518--542},
  year = {2014}
}

@article{cseke:11,
  author = {B. Cseke and T. Heskes},
  title = {Approximate Marginals in Latent {G}aussian Models},
  journal = {Journal of Machine Learning Research},
  volume = {12},
  pages = {417--454},
  year = {2011}
}

@article{vardi:96,
  author = {Y. Vardi},
  title = {Network tomography: estimating source-destination traffic intensities from link data},
  journal = {Journal of the American Statistical Association},
  volume = {91},
  pages = {365--377},
  year = {1996}
}

@article{anima:14,
  author = {A. Anandkumar and R. Ge and D. Hsu and S. Kakade and M. Telgarsky},
  title = {Tensor decompositions for learning latent variable models},
  journal = {Journal of Machine Learning Research},
  volume = {15},
  pages = {2773--2832},
  year = {2014}
}

@article{bottou:14,
  author = {L. Bottou and J. Peters and J. Qui{\~n}onero-Candela and D. Charles and D. Chickering and E. Portugaly and D. Ray and P. Simard and E. Snelson},
  title = {Counterfactual Reasoning and Learning Systems: The Example of Computational Advertising},
  journal = {Journal of Machine Learning Research},
  volume = {14},
  pages = {3207--3260},
  year = {2014}
}

@article{brodersen:15,
  author  = {K. Brodersen and F. Gallusser and J. Koehler and N. Remy and S. Scott},
  title = {Inferring causal impact using {B}ayesian structural time-series models},
  journal = {Annals of Applied Statistics, to appear} ,
  year  = {2015}
}

@article{listgarten:10,
  author  = {J. Listgarten and C. Kadie and E. Schadt and D. Heckerman},
  title = {Correction for Hidden Confounders in the Genetic Analysis of Gene Expression},
  journal = {Proceedings of the National Academy of Sciences} ,
  volume = {107},
  pages = {16465--16470},
  year  = {2010}
}

@book{cressie:11,
  author = {N. Cressie and C. K. Wikle},
  title = {Statistics for Spatio-Temporal Data},
  publisher = {Wiley},
  year = {2011}
}

@article{cheng:13,
  author  = {I. Tsapakis and B. G. Heydecker and T. Cheng and B. Anbaroglu},
  title = {How tube strikes affect macroscopic and link travel times in {L}ondon},
  journal = {Transportation Planning and Technology} ,
  volume = {36},
  pages = {109--129},
  year  = {2013}
}

@article{blei:13,
  author  = {M. Hoffman and D. Blei and C. Wang and J. Paisley},
  title = {Stochastic variational inference},
  journal = {Journal of Machine Learning Research} ,
  volume = {14},
  pages = {1303--1347},
  year  = {2013}
}

@article{lopez:15,
  author  = {D. Lopez-Paz and K. Muandet and B. Scholkopf and I. Tolstikhin},
  title = {Towards a Learning Theory of Cause-Effect Inference},
  journal = {Proceedings of the International Conference in Machine Learning} ,
  year  = {2015}
}

@article{graham:14,
  author  = {D. Graham and E. McCoy and D. A. Stephens},
  title = {Quantifying causal effects of road network capacity expansions on traffic volume and density via a mixed model propensity score estimator},
  journal = {Journal of American Statistical Association} ,
  volume = {109},
  pages = {1440--1449},
  year  = {2014}
}

@article{hazelton:15,
  author = {M. Hazelton},
  title = {Network tomography for integer-valued traffic},
  journal = {Annals of Applied Statistics} ,
  volume = {9},
  pages = {474--506},
  year  = {2015}
}

@book{koller:09,
  author = {D. Koller and N. Friedman},
  title = {Probabilistic Graphical Models: Principles and Techniques},
  publisher = {MIT Press},
  year = {2009}
}

@article{lambert:92,
  author = {D. Lambert},
  title = {Zero-Inflated {P}oisson regression, with an application to defects in manufacturing},
  journal = {Technometrics},
  volume = {34},
  pages = {1--14},
  year  = {1992}
}

@article{blei:07,
  author = {D. Blei and J. Lafferty},
  title = {A correlated topic model of {S}cience},
  journal = {Annals of Applied Statistics},
  volume = {1},
  pages = {17--35},
  year  = {2007}
}

@article{harris:13,
  title = {{PC} algorithm for nonparanormal graphical models},
  author = {N. Harris and M. Drton},
  journal = {Journal of Machine Learning Research},
  volume = {14},
  pages = {3365--3383},
  year = {2013}
}

@article{kalisch:07,
  title = {Estimating high-dimensional directed acyclic graphs with the {PC}-algorithm},
  author = {M. Kalisch and P. B\"{u}hlmann},
  journal = {Journal of Machine Learning Research},
  volume = {8},
  pages = {613--636},
  year = {2007}
}

@article{cornfield:59,
  title = {Smoking and lung cancer: recent evidence and a discussion of some questions},
  author = {J. Cornfield and W. Haenszel and E. Hammond and A. Lilienfeld and M. Shimkin and E. Wynder},
  journal = {Journal of the National Cancer Institute},
  volume = {22},
  pages = {173--203},
  year = {1959}
}

@article{cai:08,
  title = {Bounds on Direct Effects in the Presence of Confounded Intermediate Variables},
  author = {Z. Cai and M. Kuroki and J. Pearl and J. Tian},
  journal = {Biometrics},
  volume = {64},
  pages = {695--701},
  year = {2008}
}

@article{ramsey:06,
  title = {Adjacency-Faithfulness and Conservative Causal Inference},
  author = {J. Ramsey and P. Spirtes and J. Zhang},
  journal = {Proceedings of the 22nd Conference on Uncertainty in Artificial Intelligence},
  pages = {401--408},
  year = {2006}
}

@article{kuipers:14,
  title = {Addendum on the scoring of {G}aussian directed acyclic graphical models},
  author = {J. Kuipers and G. Moffa and D. Heckerman},
  journal = {Annals of Statistics},
  volume = {42},
  pages = {1689--1691},
  year = {2014}
}

@article{mroz:87,
  title = {The Sensitivity of an Empirical Model of Married Women's Hours of Work to Economic and Statistical Assumptions},
  author = {T. Mroz},
  journal = {Econometrica},
  volume = {55},
  pages = {765--799},
  year = {1987}
}

@book{kleiber:08,
 author = {C. Kleiber and A. Zeileis},
 title = {Applied Econometrics with {R}},
 publisher = {Springer-Verlag},
 year = {2008}
}

@article{silva:14,
 author = {R. Silva and R. Evans},
 title = {Causal inference through a witness protection program},
 journal = {Advances in Neural Information Processing Systems},
 volume = {27},
 pages = {298--306},
 year = {2014}
}

@article{joris:15,
 author = {J. Mooij and J. Cremers},
 title = {An empirical study of one of the simplest causal prediction algorithms},
 journal = {Proceedings of the Advances in Causal Inference Workshop, UAI 2015},
 year = {2015}
}

@article{tianjiao:01,
 author = {T. Chu and R. Scheines and P. Spirtes},
 title = {Semi-instrumental variables: a test for instrument admissibility},
 journal = {Proceedings of the Seventeenth Conference on Uncertainty in Artificial Intelligence (UAI 2001)},
 pages = {83--90},
 year = {2001}
}

@article{kang:15,
 author = {H. Kang and A. Zhang and T. Cai and D. Small},
 title = {Instrumental Variables Estimation With Some Invalid Instruments and its Application to Mendelian Randomization},
 journal = {Journal of the American Statistical Association},
 pages = {To appear},
 year = {2015}
}

@article{kuroki:05,
 author = {M. Kuroki and Z. Cai},
 title = {Instrumental variable tests for Directed Acyclic Graph Models},
 journal = {Tenth workshop on Artificial Intelligence and Statistics (AISTATS 2005)},
 year = {2005}
}

@article{hoover:13,
 author = {P. Phiromswad and K. Hoover},
 title = {Selecting Instrumental Variables: A Graph-theoretic Approach},
 journal = {Working paper. Available at SSRN: http://ssrn.com/abstract=2318552 or http://dx.doi.org/10.2139/ssrn.2318552},
 year = {2013}
}

@article{spirtes:13,
 author = {P. Spirtes},
 title = {Calculation of Entailed Rank Constraints in Partially Non-Linear and Cyclic Models},
 journal = {Proceedings of the Twenty-Ninth Conference on Uncertainty in Artificial Intelligence (UAI 2013)},
 pages = {606-615},
 year = {2013}
}

@article{foygel:11,
 author = {R. Foygel and J. Draisma and M. Drton},
 title = {Half-trek criterion for generic identifiability of linear structural equation models},
 journal = {Annals of Statistics},
 volume = {40},
 pages = {1682--1713},
 year = {2011}
}

@book{morgan:15,
 author = {S. Morgan and C. Winship},
 title = {Counterfactuals and Causal Inference: Methods and Principles for Social Research},
 publisher = {Cambridge University Press},
 year = {2015}
}

@article{shimizu:09,
 author = {S. Shimizu and P. Hoyer and A. Hyv\"{a}rinen},
 title = {Estimation of linear non-{G}aussian acyclic models for latent factors},
 journal = {Neurocomputing},
 volume = {72},
 pages = {2024--2027},
 year = {2009}
}

@article{nowzohour:15,
 author = {C. Nowzohour and M. Maathuis and P. B\"{u}hlmann},
 title = {Structure Learning with Bow-free Acyclic Path Diagrams},
 journal = {arXiv:1508.01717},
 year = {2015}
}

@article{tashiro:14,
 author = {T. Tashiro and S. Shimizu and A. Hyv\"{a}rinen and T. Washio},
 title = {{ParceLiNGAM}: A Causal Ordering Method Robust Against Latent Confounders},
 journal = {Neural Computation},
 volume = {26},
 pages = {57--83},
 year = {2014}
}

@article{sullivant:10,
   author = {S. Sullivant and K. Talaska and J. Draisma},
   title = {Trek separation for {G}aussian graphical models},
   journal = {Annals of Statistics},
   volume = {38},
   pages = {1665--1685},
   year = {2010}
}

@article{huang:06,
   author = {Y. Huang and M. Valtorta},
   title = {Pearl's calculus of intervention is complete},
   journal = { Proceedings of the Twenty-Second Conference on Uncertainty in Artificial Intelligence (UAI 2006)},
   pages = {217--224},
   year = {2006}
}

@article{ilya:06,
   author = {I. Shpitser and J. Pearl},
   title = {Identification of Conditional Interventional Distribution},
   journal = {Proceedings of the Twenty-Second Conference on Uncertainty in Artificial Intelligence (UAI 2006)},
   pages = {437--444},
   year = {2006}
}

@article{skitovitch:53,
   author = {W. Skitovitch},
   title = {On a property of the normal distribution},
   journal = {Doklady Akademii Nauk SSSR},
   volume = {89},
   pages = {217–-219},
   year = {1953}
}

@article{darmois:53,
   author = {G. Darmois},
   title = {Analyse g\'{e}n\'{e}rale des liaisons stochastiques},
   journal = {Review of the International Statistical Institute},
   volume = {21},
   pages = {2--8},
   year = {1953}
}

@article{maathuis:09,
   author = {M. H. Maathuis and M. Kalisch and P. B\"{u}hlmann},
   title = {Estimating high-dimensional intervention effects from observational data},
   journal = {Annals of Statistics},
   volume = {37},
   pages = {3133-3164},
   year = {2009}
}

@article{efron:04,
   author = {B. Efron and T. Hastie and I. Johnstone and R. Tibshirani},
   title = {Least angle regression},
   journal = {Annals of Statistics},
   volume = {32},
   pages = {407–499},
   year = {2004}
}

@article{silva_kalaitzis:15,
   author = {R. Silva and A. Kalaitzis},
   title = {Bayesian inference via projections},
   journal = {Statistics and Computing},
   volume = {25},
   pages = {739-753},
   year = {2015}
}

@article{goutis:98,
   author = {C. Goutis and C. Robert},
   title = {Model choice in generalised linear models: a {B}ayesian approach via Kullback-Leibler projections},
   journal = {Biometrika},
   volume = {85},
   pages = {28-37},
   year = {1998}
}

@article{chen:14,
   author = {B. Chen and J. Tian and J. Pearl},
   title = {Testable Implications of Linear Structural Equations Models},
   journal = {Proceedings of the Twenty-Eighth AAAI Conference on Artificial Intelligence (AAAI)},
   pages = {2424--2430},
   year = {2014}
}

@article{damianou:13,
   author = {A. Damianou and N. D. Lawrence},
   title = {Deep {G}aussian processes},
   journal = {Proceedings of the Sixteenth International Conference on Artificial Intelligence and Statistics (AISTATS)},
   pages = {207--215},
   year = {2013}
}

@article{rus:08,
   author = {R. Salakhutdinov and A. Mnih},
   title = {Probabilistic matrix factorization},
   journal = {Advances in Neural Information Processing Systems (NIPS)},
   volume = {20},
   pages = {1257--1264},
   year = {2008}
}

@article{vanessa:07,
   author = {V. Didelez and N. Sheehan},
   title = {Mendelian randomization as an instrumental variable approach to causal inference},
   journal = {Statistical Methods in Medical Research},
   volume = {16},
   issue = {4},
   pages = {309--330},
   year = {2007}
}

@article{bowden:16,
   author = {J. Bowden and G. Smith and P. Haycock and S. Burgess},
   title = {Consistent estimation in {M}endelian randomization with some invalid instruments using a weighted median estimator},
   journal = {Genetic Epidemiology},
   volume = {40},
   pages = {304--314},
   year = {2016}
}

@article{burgess:17,
   author = {S. Burgess and D. Small and S. Thompson},
   title = {A review of instrumental variable estimators for Mendelian randomization},
   journal = {Statistical Methods in Medical Research},
   volume = {To appear},
   year = {2017}
}

@article{silva_evans:16,
 author = {R. Silva and R. Evans},
 title = {Causal inference through a witness protection program},
 journal = {Journal of Machine Learning Research},
 volume = {17},
 number = {56},
 pages = {1--53},
 year = {2016}
}

@book{pearl:16,
   author = {J. Pearl and M. Glymour and N. Jewell},
   title = {Causal Inference in Statistics: a Primer},
   publisher = {Wiley},
   year = {2016}
}

@book{halpern:16,
   author = {J. Halpern},
   title = {Actual Causality},
   publisher = {MIT Press},
   year = {2016}
}

@book{lewis:73,
   author = {D. Lewis},
   title = {Counterfactuals},
   publisher = {Harvard University Press},
   year = {1973}
}

@article{berk:17,
 author = {R. Berk and H. Heidari and S. Jabbari and M. Kearns and A. Roth},
 title = {Fairness in Criminal Justice Risk Assessments: The State of the Art},
 journal = {arXiv preprint arXiv:1703.09207v1},
 year = {2017}
}



